1534 2568
225 161 313 220 362
565 153 1048 206 APELLES

249 229 271 253 *
295 229 468 275 CCVII.
498 229 701 272 Mercurio
701 230 846 283 fidibus
853 231 1016 284 ludente,
1029 231 1179 276 Gratiae
1187 234 1379 290 afficiatae,

501 285 607 339 apud
619 285 856 338 Thefimrum
866 287 1142 338 inscribuntur,

481 341 623 385 NON
653 341 788 391 SINE
814 339 1159 387 MERCURIO.

267 396 422 449 Gratia,
439 400 517 440 fine
530 398 719 439 acumine
733 399 883 453 ingenii
896 402 1006 440 nulla
1015 399 1083 442 est.

297 452 494 496 CCVIII.
522 453 651 507 Imago
666 458 794 507 primi
794 454 928 505 saeculi
941 454 1140 494 Mercurio
1152 453 1337 505 inscribit,

297 508 401 552 HIC
430 511 463 553 F
468 509 537 552 AS
568 507 675 559 PER
702 508 903 561 LIMEN
933 508 1319 562 UTRUMQUE‚

593 563 794 608 SOLUS
823 563 1039 615 HABET.

267 621 316 664 In
347 620 473 663 vitam
505 619 708 673 afflvam,
727 620 765 661 &
793 620 1164 674 contemplativam
1200 619 1414 663 Societatis

241 676 319 716 esu.

213 676 263 753 J*
285 730 443 775 CCIX.
472 730 674 773 Mercurii
681 731 827 785 statua,
839 735 882 771 in
891 730 1003 771 bivio
1013 731 1196 780 collocata,
1209 728 1262 776 ξς)
1273 734 1389 771 viam

389 788 612 839 monstrans,
622 791 664 827 in
677 785 701 826 l
698 800 782 844 mag
788 793 850 826 ine
859 786 988 827 eadem
1000 786 1236 833 inscribitur.

387 842 514 885 HAG
544 842 895 886 MONSTRAT
923 840 1058 884 EUN
1065 839 1234 883 DUM.

265 896 312 938 In
323 898 507 940 libellum
519 897 819 940 Exercitiorum
832 898 1110 952 spiritualium,
1123 896 1159 936 S.
1170 895 1332 952 Ignatii.

215 950 245 982 ἓ*
274 952 411 996 CCX·
439 953 633 1010 Princeps
641 954 910 1004 Lubomirius,
919 956 962 992 in
974 952 1120 992 Balnei
1118 953 1187 1004 sui
1193 961 1306 1007 prope
1317 953 1360 992 V
1353 967 1416 992 ar·

304 1010 473 1061 saviam
472 1010 654 1064 frontispi
656 1014 727 1062 cio,
747 1009 783 1050 C
785 1008 860 1049 adu
865 1024 922 1048 ceo
933 1007 1147 1061 Mercurii,
1152 1008 1286 1062 super-

487 1065 651 1118 imposito
663 1065 788 1106 eidem
795 1064 906 1116 pileo,
919 1063 1115 1117 inscripsit.

283 1119 489 1163 MENTI
519 1119 699 1175 QUIES
710 1151 721 1172 ‚
749 1118 1015 1162 VIRTUTI
1044 1115 1343 1160 LIBERTAS.

212 1174 468 1232 QENIUM
489 1175 598 1219 Eum
609 1175 686 1272 est}
699 1175 942 1273 adgeribebaf
963 1172 1189 1217 DOMUS
1216 1171 1417 1224 ILLIUS

676 1244 726 1273 eu
783 1230 888 1273 ainei
928 1230 981 1272 ui.

465 1341 510 1390 c
543 1341 658 1389 ΑΡ
691 1338 742 1388 U
775 1339 824 1389 T
891 1338 1162 1387 xxxvii.

413 1430 490 1491 M
551 1432 576 1492 I
640 1431 712 1493 N
774 1429 819 1489 E
880 1430 942 1490 R
1001 1426 1067 1493 V
1131 1428 1211 1495 A.

266 1547 289 1578 ἱ*
323 1541 481 1586 CCXI.
520 1541 721 1606 Manervf‘
743 1555 831 1605 cum
852 1538 1013 1604 ῃοέέκιὶ,
1033 1538 1142 1595 apud
1156 1537 1358 1582 Alcimum-³

321 1651 657 1700 SECRETUM
686 1596 1004 1694 Stssfgtgt÷IA
1031 1647 1306 1703 QUAERIT‚

261 1714 310 1757 In
321 1711 537 1756 suentium,
555 1707 665 1760 quod
677 1706 915 1762 sapientibus
926 1705 1125 1748 familiare
1138 1706 1210 1748 est.

427 1762 605 1807 CCXII.
634 1762 844 1815 Minerva,
854 1764 981 1813 juxta
999 1760 1197 1816 adagium,

447 1818 573 1861 HAG
604 1815 932 1864 OBSTANTE
961 1815 1152 1859 NIHIL.

266 1877 344 1922 Nil
366 1874 490 1921 invita
512 1873 689 1917 fortuna.

439 1986 485 2034 C
519 1985 564 2034 A
595 1985 634 2033 P
667 1984 717 2031 U
753 1980 803 2031 T
869 1978 1168 2033 XXXVIII.

383 2072 460 2133 M
581 2072 641 2132 O
771 2068 847 2140 M
968 2067 1032 2131 U
1159 2069 1218 2138 S,

327 2184 349 2215 Ψ
376 2182 572 2228 CCXIII.
601 2182 762 2226 Momm
777 2185 844 2236 cui
870 2195 978 2227 nemo
985 2179 1273 2235 satisfhc‘lurus.

1314 2229 1415 2276 NE-

1498 2155 1500 2157 .
1501 1737 1511 1744 ,
1504 1490 1507 1498 ἢ

1525 2251 1527 2254 ’
1526 2111 1534 2121 ι.
1529 1993 1534 1998 .
1532 1515 1534 1518 -
1527 1435 1530 1439 ”
1519 1381 1522 1388 ”
1527 1340 1534 1352 ‘¹
