1534 2568
306 134 1053 196 SYMBOL1cus.
1189 152 1281 212 605

141 229 161 253 '⁰'
188 228 255 272 LI.
285 226 407 283 Equa'
417 223 697 266 mortua‘altera
709 224 790 273 ejus
804 225 926 277 pullos
936 225 1082 266 relic‘los
1090 230 1233 272 nutrit,

295 280 532 326 ALIENIS
562 278 756 333 AEQUA
785 279 1065 324 PUPILLIS.

136 340 184 382 In
196 338 516 381 misericordiam
525 349 618 391 erga
629 337 831 389 orphanos
842 337 1082 379 habendam.

136 403 229 447 LII.
258 403 398 459 Equus
408 407 452 442 in
463 401 609 443 Princi
637 405 672 440 io
682 404 856 440 nimium
868 402 983 442 velox
1004 402 1239 457 moxdeficit.

370 458 478 500 NIL
507 456 577 499 PR
638 455 734 498 PES
764 455 984 500 PERPES.

140 513 321 557 Nullum
333 514 582 556 subitaneum
595 521 848 566 perpetuum.

123 578 238 622 LIII.
266 576 494 630 Franciscus
514 575 695 616 Donatus
716 575 843 615 Venet.
869 574 973 617 Dux
993 575 1104 632 Equo
1116 576 1258 634 excuffb

247 632 415 673 Domino
421 634 492 684 suo
513 636 556 671 in
576 631 679 685 lupos
699 629 891 671 incidenti
911 630 1112 685 inscripfit.

171 687 458 731 LIBERTAS
487 687 603 731 SUB
634 684 828 729 METU.
885 687 964 741 Vel,
1016 686 1220 731 NOXIA

535 741 839 785 LIBERTAS.

145 798 299 842 Nimiae
311 797 522 840 Libertat'1s
533 799 680 840 damna
693 796 867 852 express‘a
878 797 1011 839 habes.

143 865 258 908 LIV.
287 863 338 904 P.
350 863 557 916 Masem‘us
567 877 658 918 equo
668 867 714 903 in
727 873 840 919 prato
847 865 1029 916 ferianti,
1050 863 1143 906 dum
1154 879 1238 906 ma-

394 918 557 958 cilentus
577 928 767 968 oneratur,
787 918 974 970 inscribit,

273 974 678 1017 FORTISSIMUS
705 973 855 1016 OTIA
883 973 1098 1017 DUCIT.

145 1028 359 1083 Disparem
378 1031 661 1072 conditionem
683 1031 927 1082 hominum,
947 1030 1023 1084 qua
1045 1031 1291 1085 impotentes

2 1107 3 1128 ;
90 1083 268 1128 maxime
280 1097 505 1141 gravantur,
517 1086 736 1140 expressam
750 1087 874 1128 vides.

72 1175 74 1177 ,
354 1140 373 1163 *
401 1140 494 1182 LV.
526 1141 637 1193 Equo
651 1140 846 1194 phalerato
866 1140 1018 1181 lemma.

157 1195 422 1248 VULTUS,
452 1195 594 1239 NON
624 1195 879 1238 CULTUS
907 1196 1229 1242 ADORNAT.

144 1252 328 1294 Vestium
341 1253 560 1294 vanitatem
575 1251 794 1295 Emblema
804 1252 975 1294 exhibet.

306 1315 335 1344 *³³
363 1315 477 1358 LVI.
506 1314 645 1368 Equus
664 1315 834 1370 Seffirem
854 1320 1066 1358 excutiens.

307 1370 374 1412 NI
405 1371 438 1412 F
441 1369 630 1413 RENES
660 1371 953 1414 EXCUTIT.
1012 1373 1090 1419 Vel.

180 1423 308 1478 QUI,
336 1425 452 1468 NISI
484 1425 692 1477 PARET,
722 1426 1006 1470 IMPERAT.
1053 1429 1189 1471 Horat.

142 1480 475 1523 Paffionesanimi
499 1483 736 1536 intempore
757 1482 969 1525 frenandas
992 1482 1206 1529 Emblema
1217 1485 1290 1528 do-

92 1546 169 1588 cet,
182 1538 219 1577 ni
232 1548 369 1578 earum
383 1536 633 1580 Dominium
645 1539 724 1591 pati
737 1540 924 1581 velimus.

203 1591 224 1614 *
253 1590 386 1634 LVII.
415 1593 553 1649 Equus
566 1595 760 1650 generosus
779 1594 990 1634 calcarium
999 1596 1166 1647 stimulti·

582 1648 784 1702 percuffits.

149 1700 438 1746 STIMULIS
467 1701 808 1754 MAJORIBUS
835 1703 1089 1750 ARDENS.
1129 1706 1232 1749 Luc.

144 1755 250 1798 Eum
273 1757 487 1800 Emblema
508 1759 688 1812 exhibet,
709 1761 775 1802 cui
797 1772 870 1814 pro
902 1760 1063 1802 stimulo
1085 1764 1213 1819 magis
1235 1764 1289 1807 est

4 1806 6 1854 ᾗ
90 1813 606 1868 gloria‚quamimperium.

147 1881 168 1903 *
196 1879 349 1923 LVIII.
377 1882 513 1936 Equus
530 1882 682 1938 ligatus,
700 1884 1002 1925 attamenadhm
1018 1887 1229 1940 generosus⁸

214 1936 280 1977 IN
308 1937 546 1980 VINCLIS
576 1936 895 1982 ANIMOSUS
927 1940 1156 1984 ADHUC.

146 1991 292 2033 Varios
302 1992 468 2035 Sanfios
480 2007 552 2047 pro
565 1992 662 2036 Deo
679 1996 899 2049 gaudenter
917 1998 1077 2040 vincula
1088 1998 1288 2053 perpessos

92 2048 308 2090 Emblema
329 2050 466 2105 pingit.

153 2103 181 2131 -κ
211 2102 327 2144 LIX.
356 2104 492 2160 Equus
510 2104 664 2146 lentiore
672 2107 780 2154 freno
799 2107 987 2146 trallatus
998 2109 1216 2162 generostor.

162 2157 380 2210 LENTls
408 2159 728 2206 ANIMOSUS
755 2161 1024 2207 HABENIS.
1080 2163 1220 2263 Ovialz

1221 2231 1289 2265 en*
