1534 2568
229 167 326 215 752
583 151 1077 206 APELLES

569 279 928 332 CAPUT
999 283 1091 331 II.

314 403 373 463 A
420 399 492 461 M
543 400 588 461 P
636 400 700 461 H
748 401 771 463 Ι
821 402 856 463 S
907 402 957 463 B
1004 404 1082 465 AE
1127 405 1200 468 N
1250 409 1331 469 A.

283 537 428 581 XXV.
460 535 737 592 Amphxsbaenae
745 538 817 589 seu
833 539 994 595 bicipiti
1000 541 1174 636 serfenti
1197 537 1240 582 T
1232 540 1364 595 helhu-

383 607 450 634 rus
471 596 515 633 in
536 592 699 649 quodam
718 592 966 644 Taurinenfis
986 595 1052 636 Pa
1069 600 1148 638 atii
1165 612 1251 638 con·

663 649 775 689 clavi
794 650 993 705 insiripsit.

567 701 723 756 DUO,
751 703 892 747 NON
920 705 1074 749 DUO.

270 764 415 814 Imago
426 758 602 800 duorum
615 759 693 802 una
706 762 745 802 in
759 773 879 802 carne
891 764 1130 817 conjugum.

323 814 490 857 XXVI·
518 813 799 861 Amphisbaenae
819 815 872 858 P.
887 816 1093 866 Masem'us
1112 816 1314 871 infhn'pst't.

265 869 474 915 CAPUT
505 869 633 922 EST,
662 869 766 913 UBI
797 871 1018 915 CAUDA
1047 871 1342 920 VIDETUR.

267 926 413 979 Imago
431 926 610 967 hominis
621 927 719 969 vafri
731 940 777 968 ac
789 928 977 981 duplicis.

362 980 552 1024 XXVII.
584 980 690 1021 Idem
706 981 912 1033 Masem'us
939 982 1063 1023 eidem
1075 982 1264 1036 inscribit.

578 1036 645 1079 IN
672 1037 811 1080 FINE
841 1037 1068 1082 CAPUT.
1166 1073 1168 1075 .

268 1098 414 1146 Imago
425 1092 629 1144 prudentis
643 1092 770 1135 finem
784 1094 1024 1136 meditantis.

265 1151 295 1180 *ζ
324 1148 535 1192 XXV111.
563 1147 843 1203 Amphisbaenae
862 1149 955 1189 bina
976 1151 1106 1205 capita
1120 1158 1189 1204 per
1209 1146 1368 1201 diversa

389 1204 486 1258 sepit
494 1205 696 1254 foramina
716 1209 833 1244 viam
856 1208 1066 1261 quaerentia
1085 1207 1228 1260 corpori

273 1316 363 1360 SIC
389 1259 1007 1379 PROPRIKngQQfigssnK
1033 1313 1346 1379 PERDUNT.
1389 1370 1398 1379 ι

265 1374 410 1426 Imago
435 1371 781 1422 Commumtatts,
805 1374 844 1414 in
856 1385 934 1425 qua
955 1381 1084 1426 captta
1096 1373 1170 1413 suls
1184 1370 1420 1413 comm0d1s

211 1429 406 1472 studentia
430 1426 609 1479 ejusdem
621 1428 777 1468 bonum
790 1429 1010 1480 plurimum
1022 1428 1260 1481 impediunt.

266 1482 296 1513 ’κ’
323 1480 489 1525 XXIX.
519 1480 792 1536 Amphisbaena
801 1481 1209 1538 serpens'(prudentiae
1218 1481 1366 1537 symbo-

554 1535 656 1590 lum)
678 1536 749 1576 duo
774 1542 905 1591 capita
923 1537 1074 1577 habens.

263 1590 486 1637 NULLA
508 1591 612 1634 SIBI
644 1590 809 1636 SATIS
837 1591 948 1636 EST
976 1590 1351 1635 PRUDENTIA.

267 1651 400 1694 Nulla
425 1647 479 1688 sat
501 1660 647 1702 magna
668 1647 980 1702 circumspefflo
1015 1647 1092 1688 effe
1115 1648 1240 1701 potest
1275 1649 1354 1689 hoc
1375 1648 1417 1691 in

210 1710 307 1750 orbe
320 1706 427 1800 integ
436 1713 496 1744 tot
507 1703 664 1745 fraudes
676 1704 898 1746 viventibus
913 1735 925 1756 ‚
945 1704 983 1745 &
994 1703 1043 1745 de
1054 1703 1198 1746 aeternfi
1218 1703 1342 1747 salute
1352 1717 1420 1759 pe·

209 1761 397 1807 riclitanti
430 1772 486 1799 us.

333 1816 354 1839 ⁴¹
381 1811 528 1858 XXX.
559 1812 836 1869 Amphisbaenae
856 1815 950 1855 bina
966 1818 1098 1872 capita
1118 1813 1279 1864 diversis

643 1870 721 1909 viti·
743 1870 976 1915 incedentia,

394 1922 512 1966 IPSE
544 1924 648 1966 SIBI
677 1923 941 1969 DISCORS.
998 1925 1123 1969 Ovid.
1153 1925 1232 1976 Vel,

389 1981 492 2023 HIC
520 1978 711 2030 VULT,
744 1981 845 2024 HIC
871 1980 1014 2024 NON
1046 1980 1236 2026 VULT.

263 2038 405 2093 Imago
416 2036 545 2079 carnis
555 2035 740 2079 adversus
752 2037 932 2093 spiritum
944 2037 1283 2095 concupiscentis.

1321 2237 1424 2283 CA-
