1534 2568
361 143 1090 196 SYMBOLICUS
1238 140 1332 205 a„

477 219 720 264 OVANTI
749 219 964 264 DECUS.

188 279 236 321 In
248 291 421 321 coronas
432 276 466 318 ἃ
481 278 663 318 aureolas
677 275 919 319 San&orum
934 277 974 318 in
990 277 1122 320 coelis,

292 335 313 357 *
344 332 567 377 CCCXV.
596 330 753 386 Myrtho
767 333 999 384 exarescenti
1022 334 1182 374 lemma.

481 385 662 439 OLET,
691 386 772 429 ET
799 386 975 431 ARET.
1332 442 1335 443 ⁷

182 445 325 499 Imago
348 443 527 485 hominis
559 443 764 485 bonorum
800 456 971 499 opernm
1002 439 1172 486 ariditati
1194 440 1338 496 adjun-

128 498 234 543 &am
249 501 403 541 famam
414 497 582 549 virijusti
596 499 792 540 habentis.

165 555 194 584 ³*
223 553 460 598 CCCXV1.
485 552 643 608 Myrtho
653 553 904 595 abhortulano
926 557 971 594 in
984 556 1116 594 varias
1129 556 1285 593 anima-

447 609 545 648 lium
561 609 697 664 figuraae
716 611 826 659 tonsae
845 611 1001 654 lemma.

125 663 311 709 ALIUS
351 663 493 706 HAEC
522 663 830 707 MONSTRA
873 665 1012 708 MIHI
1045 661 1333 708 INDleT,

176 721 321 773 Imago
333 721 512 761 hominis
523 721 745 764 calumnias
760 721 1000 763 innocenter
1013 718 1119 774 paffi.

153 776 183 805 '¹‘
213 774 474 820 CCCXVII.
507 774 682 830 Myrthus
693 775 822 816 eadem
839 776 1055 830 sylvescem
1069 774 1122 815 ad
1135 776 1305 830 priorem

396 833 567 881 formam
589 830 636 869 ab
656 831 872 871 Hortulano
893 831 1059 871 reduc‘la.

283 886 318 928 F
321 885 561 928 ORMAM
589 884 859 929 SERVARE
886 885 1150 929 COACTA.

173 941 316 997 Imago
329 941 556 996 Religionis
568 971 580 991 ‚
602 943 967 985 mortificationum
980 945 1111 984 cultro
1123 944 1162 984 in
1175 941 1328 997 primae-

122 1009 178 1036 vo
192 998 261 1038 suo
272 1000 410 1052 vigore
424 998 595 1041 servatae.

122 1053 150 1083 ⁸²
179 1052 462 1097 CCCXVIII.
498 1050 673 1107 Myr-thus
694 1052 801 1092 mais}
817 1052 984 1108 granatis
995 1055 1138 1093 vicina
1149 1054 1328 1105 feracior.

378 1106 530 1150 DUM
563 1107 797 1160 SOCIOR,
827 1107 1062 1151 SATIOR.

169 1162 218 1207 ln
232 1161 380 1206 studius
391 1164 508 1205 bonae
523 1162 748 1205 Societatis.

505 1218 525 1241 *
554 1217 794 1260 CCCXIX.
823 1217 942 1258 Idem.

283 1273 485 1317 DECUS
518 1272 824 1318 TRIBUERE
853 1272 1143 1316 CORONAE.

175 1329 222 1371 In
243 1330 407 1371 laudem
441 1330 670 1385 Agrippinae
702 1330 909 1380 Coloniae,
933 1342 1019 1383 quae
1052 1330 1136 1383 post
1166 1335 1327 1380 recepta

116 1384 267 1427 Trium
280 1385 505 1441 Magorum
517 1398 710 1440 corpora,
736 1386 775 1428 in
789 1398 991 1438 malorem
1012 1384 1323 1440 amplitudinem

117 1451 302 1483 exerent·
423 1494 452 1524 ἦ*
479 1495 611 1539 CCC.
643 1496 793 1537 Eadem
817 1493 1005 1550 Myrthw.

262 1549 585 1595 FERTILIOR
618 1552 830 1596 VICINA
857 1550 1139 1594 CORONIS.

165 1605 310 1661 Imago
323 1607 520 1659 hominis,
545 1608 613 1661 qui
626 1610 748 1651 morti
761 1608 797 1648 ἃ
809 1607 887 1649 suis
905 1608 946 1649 in
958 1610 1067 1648 coelo
1086 1606 1251 1648 coronis
1263 1602 1320 1644 vi-

111 1662 257 1716 cinior,
269 1661 410 1705 Deum
424 1661 610 1704 intensius
622 1675 746 1707 amat.

308 1717 329 1741 *
357 1717 597 1760 CCCXXI.
627 1717 802 1764 Mmhus
821 1721 865 1757 in
883 1716 984 1758 horto
1009 1719 1128 1770 tonsa.

343 1772 499 1816 FERT
525 1767 827 1819 TONS'URA
857 1773 1074 1816 DECUS.

111 1828 218 1927 surlg
233 1828 657 1877 Commendationcm
681 1830 877 1874 clericalis
893 1861 904 1883 ,
926 1830 962 1871 δι
988 1828 1201 1885 Religiosae
1221 1837 1312 1870 ton-

650 2224 839 2279 Hhhg
1213 2223 1315 2269 CA-
