1534 2568
264 155 1016 211 SYMssoLlcUs
1147 114 1261 220 ⁷&

97 247 243 302 Imago
263 244 442 301 plurium
454 252 716 297 peccatorum
739 239 1032 284 conversorum
1046 271 1057 293 ‚
1077 241 1145 297 qui
1157 242 1253 287 dein

47 305 270 348 medicinas
303 301 522 355 spirituaies
553 298 749 355 proximis
770 295 1000 341 salutaribus
1028 299 1196 344 monitis
1215 299 1255 341 ὄῑ

10 393 14 396 -
46 360 241 415 exemplis
253 359 511 413 praebuerunt.
544 376 547 378 v

407 413 428 436 *
456 408 731 456 CXXXVII.
757 408 878 451 Idem.

326 466 631 512 PERCUSSA
660 463 984 509 MEDETUR.

46 539 52 547 ”
96 529 240 583 Imago
260 524 428 570 S.Pauli
443 557 454 577 ,
475 521 753 577 quicoecitatis
773 520 880 576 virga
895 520 916 562 ὲ
938 519 1036 564 Deo
1056 522 1258 577 percussus

45 586 276 628 animarum
287 581 433 623 deinde
445 578 639 622 Medicus
649 577 737 620 fuit.

99 639 120 663 *
148 635 445 684 CXXXVIII.
471 637 619 689 Viperae
630 637 809 674 veniente
817 631 947 688 hyeme
958 647 1110 676 venena
1121 638 1229 691 evo-j

384 700 544 740 mentes,
569 689 667 730 tefle
687 688 906 732 Berchorto.

251 744 566 792 TOLLUNT
597 744 811 788 RIGIDA
843 742 1041 788 VIRUS·

103 806 248 860 Imago
268 816 412 846 eorum
434 803 501 856 qui
535 801 665 856 pofito
686 810 949 856 peccatorum
979 813 1166 856 veneno,
1188 816 1259 859 per

49 861 211 904 adversa
225 861 274 902 ad
285 859 428 903 Deum
439 859 761 912 compelluntur.

76 916 412 960 Mortificationis
425 915 678 968 petulantem
689 926 857 957 carnem
869 913 1096 956 coercentis
1108 914 1262 972 imago}

186 973 208 995 *
234 969 488 1014 CXXXIX.
526 969 664 1023 Vipera
683 985 776 1010 vere
795 973 914 1010 virus
933 969 1138 1019 resumens.

220 1024 535 1071 REDDUNT
563 1025 866 1069 PROSPERA
895 1022 1097 1069 VIRUS.

107 1084 251 1140 Imago
262 1095 424 1136 eorum,
435 1082 507 1160 qu}
514 1081 760 1180 ρέξὶίὲρὶεἰείίἓ
773 1090 938 1136 peccata
948 1082 1191 1126 relabuntur.

665 1168 672 1177 .
755 1152 827 1178 em.
1077 1154 1081 1155 ⁷

104 1193 257 1250 QUAE
285 1192 549 1237 VOMUIT
576 1192 847 1247 VENENA,
873 1192 1198 1238 RESORBET.

105 1253 250 1305 Imago
262 1250 426 1293 recidivi
438 1251 678 1304 peccatoris.

122 1309 144 1332 '¹‘
179 1305 342 1351 CXLI.
372 1307 515 1361 Vipera
524 1304 691 1361 lapidem
701 1304 892 1362 quendam
903 1307 1010 1347 intra
1008 1306 1054 1359 fh
1063 1304 1187 1360 habet,

352 1371 480 1403 contra
499 1376 652 1402 venena
667 1361 954 1403 medicinalem.

216 1416 385 1468 ALIIS,
430 1416 573 1460 NON
600 1416 911 1461 MEDICINA
940 1417 1096 1461 MIHI.

103 1475 248 1531 Imago
258 1473 578 1517 Concionatoris
587 1473 854 1527 ,Confeffirii‚
868 1473 1055 1529 qui,dum
1065 1471 1152 1518 aliis
1165 1483 1261 1529 prae-

53 1529 176 1583 dicat,
189 1530 270 1584 ipse
282 1529 473 1584 reprobus
488 1529 670 1572 efficitur.

57 1585 238 1643 CXLII.
265 1585 371 1628 Cum
393 1584 463 1625 Ao.
487 1585 611 1637 1605.
623 1585 1080 1641 prodereturconspiratio
1089 1583 1262 1641 quaedam

33 1647 40 1653 “
163 1646 208 1684 in
218 1640 377 1701 Anglid‚
385 1642 602 1695 viperaeseu
612 1643 782 1697 serpenti
791 1646 893 1683 inter
894 1642 1007 1694 flores
1016 1641 1154 1684 decedo

361 1698 474 1751 Resp.
491 1693 695 1750 ‚Faederata
715 1699 956 1752 inscribebat.

294 1753 624 1799 DETECTUS
656 1754 770 1810 QUI
797 1753 1022 1800 LATET.

112 1810 426 1866 Deprehensum
456 1814 670 1855 occultum
702 1810 985 1866 seductorem,
1008 1820 1077 1854 aut
1107 1814 1267 1856 malum

57 1870 265 1969 ςυοάἇίαηῑ
297 1869 429 1926 specie
482 1869 579 1913 boni
617 1869 827 1926 palliatum
872 1868 1092 1914 Emblema
1120 1869 1269 1912 docere

61 1935 153 1981 pote
191 1957 202 1969 .
