1534 2568
316 146 1061 201 SYMBOLICUS.
1193 146 1288 209 699

176 232 197 256 ⁴¹
227 226 447 274 DCCXII.
479 228 705 282 Rupicapra
724 230 769 266 in
780 225 912 265 montti·
931 229 1038 280 apice
1059 235 1187 266 contra

550 296 659 321 canes
671 282 818 332 secura,

303 336 501 383 APICES
530 335 751 379 FECERE
780 334 1090 379 SECURAM.

148 394 290 450 Imago
314 393 504 449 Religiofi
528 394 577 433 de
609 392 826 433 observatis
850 391 891 432 In
914 391 991 434 vitfi
1026 391 1089 431 sust
1111 390 1294 434 minimis

94 451 231 494 secut&
247 451 413 493 viventis
425 449 462 489 &
476 448 700 490 morientis.

387 553 746 605 CAPUT
811 553 1003 602 XLII.

172 787 416 833 DCCXIII.
448 767 608 827 Sciurus
623 798 759 825 nucem
771 783 943 835 laboriose
956 784 1126 838 rodendo,
1136 795 1221 826 eam

303 843 460 882 demum
480 846 619 893 aperit,
640 840 865 890 inscribente
886 838 1072 879 fevillaeo.

343 896 581 950 ABSQUE
609 893 848 938 LABORE
875 894 1059 939 NIHIL.

152 952 321 1007 Nempe
348 953 427 992 Dii
438 951 623 991 laboribus
633 954 761 990 omnia
772 949 961 1002 vendunt,
970 953 1080 1003 juxta
1091 950 1292 1004 adagium.

150 1008 337 1052 DCCXI
347 1007 396 1048 V.
422 1007 580 1046 Sciurus
592 1003 804 1056 editaffimas
816 1005 958 1044 arbores
970 1007 1223 1056 conscendens.

360 1061 497 1116 QUO
525 1059 664 1103 NON
693 1058 1025 1103 ASCENDES?

150 1119 195 1160 In
208 1115 646 1160 excelsamindolem&
659 1115 881 1170 ingenium.

152 1173 492 1226 Inscripserathoc
515 1173 617 1212 olim
629 1171 757 1212 sciuro
779 1171 892 1223 supra
911 1171 1050 1224 aquiiae
1069 1181 1186 1222 caput
1209 1170 1297 1212 eni-

97 1241 151 1270 xo
167 1259 179 1278 ‚
199 1230 239 1269 in
251 1229 377 1270 castro
398 1230 468 1268 suo
494 1226 739 1279 Fouquetius
762 1224 946 1268 GalIIcus
967 1227 1176 1275 Minister,
1202 1227 1294 1268 illu-

97 1284 207 1325 surus
230 1284 529 1325 Austriacorum
542 1283 681 1333 aquilis
697 1312 708 1333 ,
727 1280 793 1322 sed
815 1279 954 1322 Deum
968 1282 1183 1323 hominem
1204 1283 1294 1323 illu·

96 1339 229 1380 sorem
242 1340 406 1391 impune
416 1351 498 1379 nou
512 1336 683 1378 habuisse
693 1367 705 1384 ,
727 1347 875 1378 notum
887 1339 1075 1379 omnibus
1087 1337 1155 1388 cst,
1174 1349 1218 1378 ex
1233 1338 1296 1379 in-

96 1396 249 1436 decoro
261 1393 296 1433 ἃ
310 1395 485 1445 inglorio
497 1392 675 1444 ejusdem
686 1392 781 1433 fine.

149 1449 170 1471 '⁹‘
195 1447 359 1491 DCCX
370 1448 417 1490 V.
452 1447 601 1486 sciurus
619 1460 761 1501 aquam
774 1455 998 1486 tranaturus
1012 1445 1109 1501 ltgno
1129 1449 1238 1487 inm*-

214 1519 289 1544 xus
313 1503 506 1558 explicata
527 1505 570 1541 in
590 1501 714 1541 altum
737 1499 878 1551 camd,
896 1512 964 1556 pro
984 1505 1066 1541 velo
1088 1503 1175 1554 usus

465 1557 689 1612 epigraphen
700 1557 735 1606 s
725 1555 811 1596 usti
815 1566 887 1598 net.

320 1610 616 1655 DEDUCET
643 1610 733 1653 ME
764 1611 1045 1657 SPIRITUS.

153 1668 318 1722 Spiritus
329 1666 463 1709 53ηὲὶί
477 1667 551 1717 est,
579 1669 777 1708 bonarum
800 1665 1104 1717 inspirationum
1125 1666 1293 1721 auxiliis,

97 1726 145 1767 ad
160 1721 363 1765 immensae
376 1723 599 1764 aeternitatis
612 1723 719 1763 littus
732 1733 806 1762 nos
819 1721 955 1762 fistere.

128 1780 157 1808 2⁸
186 1776 428 1821 DCCXVI,
459 1777 618 1816 Sciurus
629 1781 672 1815 in
686 1791 811 1815 caveae
822 1776 894 1821 fuae
903 1787 982 1815 rota
994 1776 1262 1832 sempe-ragilit.

266 1831 474 1874 AGILES
507 1832 573 1874 IN
601 1829 875 1874 CARCERE
905 1830 1106 1874 CURAE.

155 1890 201 1931 In
215 1888 449 1931 Ministtum
464 1890 502 1928 in
515 1889 736 1929 carceribus
757 1887 813 1928 nil
826 1887 875 1927 de
887 1887 1041 1941 pristina
1055 1886 1148 1928 cura
1159 1886 1297 1930 remit-

100 1955 264 1987 tentem.

155 2001 295 2048 Imago
307 1998 347 2041 S.
360 1998 472 2040 Pauli
486 1998 525 2039 In
536 2009 694 2040 carcere
707 2010 791 2038 non
806 1996 1016 2038 defistentis
1029 1997 1192 2041 doecre.

103 2054 367 2099 DCCXVII.
395 2054 566 2103 Scimus,
588 2067 675 2092 cum
687 2055 730 2092 in
752 2052 981 2092 domuncula‘
993 2053 1067 2102 [πά
1072 2053 1178 2103 latet,
1188 2055 1299 2107 qnie-

175 2120 237 2152 tus
248 2109 321 2160 efl,
324 2110 434 2161 secus
441 2107 482 2157 Ji
491 2123 539 2147 ex
549 2107 598 2147 ed
607 2117 717 2147 exeat
726 2111 770 2147 in
779 2122 940 2148 caveam
954 2107 973 2146 ὲ
985 2107 1067 2159 filis
1076 2110 1217 2161 ferreis

339 2173 569 2217 contextam,
588 2166 633 2205 in
655 2161 735 2213 qud
751 2166 1044 2219 circumagitur.

649 2215 788 2269 Xx5
1209 2216 1295 2264 IN·
