1534 2568
273 142 1004 196 SYMBOLICUS.
1153 160 1249 212 755

70 219 232 265 XLIV.
265 217 370 260 Drac
378 222 444 260 oni
448 219 643 275 gentilitio
652 219 854 274 cujusdam
866 224 910 263 in
924 220 1228 278 Polom'dfamif

434 275 498 315 11·ae
517 277 748 328 inscriptum
766 276 855 332 legi.

114 331 351 376 TERRAS
379 329 585 383 SUPER,
615 330 695 374 ET
724 331 916 376 SUPER
944 332 1164 377 AURAS.

96 389 242 445 Imago
255 386 436 430 hominis
447 388 614 430 terrenis
628 388 743 430 rebus
753 388 932 442 majoris.

56 442 198 488 XLV.
226 443 405 485 Draconi
420 442 549 484 Poma
556 443 810 497 Hesperidum
820 443 1218 489 cussodientilemmaei

355 498 571 542 AUREA
598 498 691 541 ME
722 499 923 544 VIGILI.

95 557 241 613 Imago
251 553 381 611 vigilis
394 554 560 610 Praelati,
582 554 651 596 sub
661 567 744 608 quo
755 569 873 600 aurea
884 556 1092 612 disciplina
1105 556 1173 598 est.

385 609 546 653 XLVI.
577 609 723 651 Eidem
746 611 902 654 lemma.

0 689 2 701 ι
294 664 531 710 SERVAT
558 664 638 708 ET
666 666 982 713 ABSTINET.

0 739 3 774 ρ
89 724 138 766 In
150 723 315 766 fidelem
326 722 531 776 quendam
541 721 873 780 Thesaurarium,
889 736 955 769 aut
967 723 1088 769 alieni
1100 724 1252 780 peculii

0 785 3 835 ᾖ
36 779 422 824 administratorem.

0 843 1 886 1
122 835 152 863 ’¹‘
180 834 364 878 XLVII.
392 833 523 874 Draco
533 833 723 885 morsu&
734 833 863 874 caudae
872 834 955 874 iau
965 837 1163 886 interficit.

0 909 2 942 ι
159 889 358 933 RICTU
387 888 788 934 METUENDUS
817 888 897 932 ET
924 889 1095 934 ICTU.

66 952 71 956 “
90 947 237 1002 Imago
248 946 426 1001 potentis
440 945 674 990 deu-afforis
685 977 697 999 ,
716 949 785 1000 qui
799 946 943 1002 linguae
955 947 1110 991 damno
1124 950 1247 995 etiam

39 1002 136 1048 alias
151 1003 314 1053 injurias
325 1002 519 1056 adJungit.

202 1057 407 1101 XLVIII.
438 1058 568 1098 Draco
587 1060 725 1111 cuique
736 1057 907 1098 animali
925 1062 1078 1099 noxius.

113 1111 240 1157 NEC
267 1112 518 1165 SUMMA,
543 1111 668 1155 NEC
696 1112 922 1156 INFIMA
949 1114 1147 1160 TUTA.

89 1169 158 1212 Ab
170 1169 357 1212 infernali
371 1168 568 1212 Dracone
581 1182 709 1212 nemo
719 1169 877 1211 securus
892 1169 959 1211 est.

37 1226 59 1250 *
87 1224 253 1269 XLIX.
287 1225 418 1266 Draco
438 1225 480 1266 ob
499 1229 698 1266 internum
711 1225 871 1265 calorem
884 1229 1070 1268 maxime
1077 1226 1251 1277 sitibun-

114 1281 193 1335 dus,
203 1297 271 1323 nec
281 1291 412 1333 vento,
425 1296 493 1322 nec
504 1279 851 1331 undisfitimsuam
865 1281 1014 1333 explere
1021 1282 1165 1338 potest.

253 1336 380 1380 NEC
407 1336 641 1388 VENTO,
668 1335 791 1379 NEC
821 1336 1027 1383 UNDIS.

36 1449 46 1457 “
66 1393 421 1493 Ἴζητεςοὶιοιηίηἰε
442 1406 520 1436 nec
531 1394 752 1436 honoribus
772 1424 784 1446 ,
805 1405 885 1435 nec
896 1393 1098 1438 obscoenis
1111 1396 1248 1450 exple=

37 1458 74 1492 m
95 1462 139 1492 ιε.

215 1503 246 1533 *²
275 1503 328 1548 L.
357 1503 543 1546 Draconis
552 1503 614 1556 fel
631 1502 809 1544 maxime}
829 1504 1070 1559 venenosum.

358 1561 392 1603 F
395 1559 547 1604 ELLE
576 1558 911 1604 VENENUM.

93 1617 141 1661 In
151 1617 303 1661 damna
313 1615 539 1659 iracundiae.

250 1671 275 1694 ⁴¹
305 1671 382 1714 LI.
410 1672 608 1713 Dracones
619 1675 662 1712 in
674 1671 792 1712 anm}
805 1670 1034 1714 habitantes.

252 1727 389 1771 DAN
392 1728 436 1770 T
465 1727 684 1770 ANTRA
712 1726 1022 1771 RECESSUS.

95 1781 315 1829 Malorum
326 1784 490 1827 latibula
499 1782 718 1826 Emblema
733 1784 878 1826 innuit.

134 1838 164 1869 ²*
190 1838 286 1884 LII.
315 1838 447 1881 Draco
450 1839 526 1891 fhlo
535 1837 667 1891 afflatu
676 1853 801 1879 aerem
811 1853 958 1880 veneno
967 1838 1161 1892 inficiens:

369 1895 599 1939 INFICIT
627 1893 932 1938 AFFLATU.

95 1951 240 2008 Imago
251 1951 481 1999 adulatoria
509 1951 660 1997 Salacis
671 1951 866 2007 foem'rnae‚
878 1950 953 1993 ἃς.

599 2243 722 2288 Bbb
1156 2236 1255 2282 CA·
