1534 2568
305 133 1028 185 SYMBOLICUS.
1176 141 1274 199 609

280 217 452 262 MORS
479 218 619 261 MIHI
648 218 885 262 MUNUS
915 217 1072 262 ERIT.

139 277 186 318 In
208 287 302 328 eos,
331 276 399 328 qui
423 275 760 317 mortificationes
782 276 849 317 fibi
870 275 892 316 a
908 274 1004 318 Deo
1027 272 1220 317 immissas
1240 272 1284 317 in

0 348 3 353 ·
84 342 239 387 partem
260 331 446 372 beneficii
464 339 716 385 computant.

135 388 156 410 *
186 386 372 430 LXXX.
401 385 541 425 Eidem
553 399 644 440 agno
656 389 700 425 in
710 384 783 424 ara*
790 382 907 424 oblato
926 384 1025 425 νεᾶὲ
1037 385 1229 436 inscribes.

245 440 500 485 REPETIT
526 439 853 483 INNOCUOS
880 439 1118 483 AETHER.

100 510 104 514 ·
138 499 185 541 In
208 508 488 555 praematuram
510 506 689 538 mortem
710 507 878 546 eorum,
899 496 948 538 de
958 498 1100 550 quibus
1121 495 1159 538 S.
1181 493 1290 538 Seri·

85 564 200 608 ptura
223 555 342 622 raptis
365 553 563 606 loquitur,
597 552 665 593 Ne
684 551 842 592 malitia
858 562 1027 593 mutaret
1048 551 1287 593 intellec‘lum

86 612 399 708 eorssnLiggXY
427 660 560 715 Agnus
572 662 769 715 patienter
781 661 835 701 ad
850 656 1064 713 ochstoniem
1077 661 1229 706 dudm,

132 719 344 765 OMNIA
373 716 901 813 SUFFERTbSMNIA
930 715 1249 762 SUSTINET.

402 826 657 870 NESCIUS
686 827 968 871 OFFENDI.

144 882 378 927 charitativi
392 884 571 924 hominis
593 883 838 938 Symbolum
852 886 916 927 hic
932 884 1066 935 habes,
1084 884 1163 925 hoc
1176 881 1290 925 enim

3 926 5 990 s
90 941 289 985 charitatis
298 940 480 991 elogium
492 940 557 980 est.

190 995 211 1019 ¹*
236 993 467 1038 LXXXII.
495 993 630 1050 Agnus
650 997 693 1035 in
714 995 847 1036 viridi
857 1005 969 1052 prato
984 998 1171 1052 gramina

584 1049 793 1104 decerpens.

361 1104 515 1148 DUM
542 1104 808 1149 VICTIMA
835 1105 1002 1151 FIAM.

144 1162 190 1204 In
204 1173 274 1202 eos
297 1160 592 1203 Adolescentes
606 1192 617 1212 ‚
636 1162 705 1215 qui
732 1163 773 1203 in
796 1161 1031 1204 Seminariis
1052 1159 1292 1217 Anglicanis

5 1231 6 1236 ¹
86 1218 135 1261 ad
147 1217 344 1268 Martyria
353 1217 596 1267 formantur,
607 1218 775 1271 provide
793 1217 964 1259 demum
976 1219 1178 1262 obeunda.

256 1272 278 1294 *
307 1270 558 1314 LXXXIII.
585 1272 803 1326 Agnus-sub
821 1275 1123 1326 tonsorisforfice.

307 1326 586 1369 VELLERA
616 1326 747 1370 DAT
775 1328 1046 1371 PATIENS.

142 1381 190 1423 ln
216 1382 451 1435 patientiam
472 1383 692 1425 tenendam
718 1384 758 1425 in
770 1385 977 1426 bonorum
997 1383 1288 1438 temporalium

5 1428 7 1465 ἦ
84 1436 305 1479 amiffione.
356 1438 556 1492 Rapinam
576 1438 753 1480 bonorum
784 1439 1008 1481 vestrorum
1032 1450 1121 1481 cum
1147 1441 1290 1498 gaudio

77 1492 533 1599 suscepffitifgggi’ss'l
541 1503 684 1602 cjIgmts
694 1553 834 1590 matris
855 1550 971 1591 ubera
982 1552 1140 1608 sugens.

479 1603 642 1647 UBER
671 1605 746 1648 AB
774 1604 907 1649 ORE.

138 1658 517 1702 Innocentiffimum
539 1661 707 1714 Agnum
721 1660 826 1712 Dei,
845 1664 896 1704 ad
917 1664 1037 1704 ubera
1058 1660 1285 1706 suaviffimae

7 1721 10 1758 ἱ
88 1712 236 1756 Matris
250 1715 322 1757 suae
333 1717 579 1769 pendentem
594 1717 836 1770 Symbolum
850 1719 1042 1771 depingit.

7 1853 9 1858 ¹
91 1838 191 1869 mes.

141 1770 358 1812 Cultorem
383 1772 530 1814 iterum
552 1771 841 1816 Marianorum
862 1775 1052 1827 uberum,
1083 1773 1135 1815 fic
1159 1772 1287 1829 expri-

165 1881 186 1904 *
213 1880 443 1925 LXXXV.
474 1881 606 1936 Agnus
628 1882 812 1924 candidus
832 1887 875 1924 in
895 1884 981 1935 lupi
989 1883 1187 1933 faucibus.

154 1936 418 1980 CANDOR
450 1937 592 1980 NON
620 1938 855 1982 SERVAT
886 1940 962 1982 AB
990 1938 1205 1982 HOSTE.

134 1991 181 2035 In
193 1991 413 2047 corruptiffi
420 2006 534 2035 mum
546 1995 624 2036 hoc
636 1995 837 2047 saeculum,
858 2009 940 2050 quo
952 1996 1186 2040 innocentia
1197 1997 1287 2039 nul-

86 2047 151 2090 libi
169 2049 252 2092 fete
264 2059 348 2092 tuta
359 2049 425 2090 est.
1273 2055 1276 2058 '

397 2103 426 2133 '¹²
455 2103 660 2148 LXXVI.
690 2107 793 2161 Agni
808 2106 948 2162 plures.

265 2159 459 2213 QUAM
488 2160 594 2204 SIBI
623 2161 796 2207 SUNT
823 2160 1076 2208 SIMILES!
1216 2214 1284 2257 In„
