1534 2568
292 68 1002 132 SYMBOLICUs
1188 68 1278 135 ης

89 178 115 207 *
153 174 192 218 D
209 173 245 216 C
260 172 296 216 C
310 173 358 216 X
373 173 441 215 CI
455 172 514 215 X.
555 169 670 215 Luna
693 187 808 214 navos
826 172 953 224 ficum
976 171 1107 228 ubique
1133 173 1285 215 circum·

618 232 759 277 ferens.

224 283 386 328 NAEVI
422 280 837 326 COMITANTUR
866 278 1147 324 EUNTEM.

136 337 333 381 DefeRut
364 338 529 392 nostros¹
553 337 706 394 ubique
731 334 1053 379 circumferimus
1074 365 1088 386 ,
1128 338 1172 381 &
1194 333 1286 383 ioca

87 405 294 435 mutamus
313 408 398 435 non
420 393 616 435 indolem.

94 452 120 479 *
158 448 334 491 DCCC.
375 447 488 491 Luna
505 453 601 488 inter
616 445 927 541 ἕΐᾱητοηβνηοβι
944 447 1224 502 constellationes
1246 453 1289 491 in

655 520 671 540 0
701 516 784 540 laco.

323 557 457 600 CUM
485 553 790 598 MONSTRIS
820 553 1080 598 PLACIDA.

146 612 192 653 In
225 626 320 654 eum
342 613 527 669 quicum
556 611 620 652 his
647 612 716 666 qui
747 608 923 651 oderunt
957 624 1100 666 pacem
1129 611 1187 654 est
1213 627 1287 671 pa-

91 666 239 709 cificus.
281 668 329 708 In
345 666 626 708 conscientiam
644 667 837 721 quietam.

403 726 428 750 ’¹'
466 720 659 762 DCCCL
693 718 803 761 Luna
821 720 955 760 cadem.

92 775 223 818 TOT
251 775 454 823 INTER,
469 774 784 871 MONSJIIJIXAN
797 774 905 870 {1131
932 773 1101 818 HAUD
1139 775 1291 820 CON-

150 886 193 928 In
207 887 389 928 animum
403 886 620 943 pavidum,
650 887 694 928 ὃς
720 884 1009 941 scrupulosum.
1037 886 1082 929 In
1094 885 1284 931 constan-

96 943 149 983 tia
164 953 298 982 ortum
313 942 435 983 habet
448 943 469 982 ὲ.
491 941 662 999 peccatis
684 938 840 981 nostris.
877 944 921 980 In
937 955 1031 983 eum
1050 970 1061 990 ,
1090 942 1193 1000 quial
1206 956 1291 983 ma-

97 997 146 1038 lis
169 997 282 1038 sociis
306 997 519 1038 seducitur.

271 1057 288 1076 ¹¹²
317 1051 530 1093 DCCCII.
560 1049 673 1092 Luna
692 1060 854 1090 coronata
872 1053 911 1088 in
930 1051 1097 1091 nubibus.

374 1104 656 1148 FUGlTIVA
684 1103 1007 1146 CORON'OR.

150 1161 197 1202 In
232 1162 444 1218 Virginem
487 1176 576 1217 quae
604 1160 762 1216 fugiens
794 1157 931 1200 sexum
971 1158 1194 1202 masculum
1227 1162 1288 1204 in-

98 1214 150 1255 de
176 1216 339 1260 laudem
362 1227 537 1258 meretur
558 1245 570 1264 ‚
613 1217 655 1259 ἃ
677 1216 718 1256 in
742 1214 847 1255 coelo
875 1229 1069 1257 corenam
1086 1216 1292 1275 sempiter-

100 1285 208 1312 ’Μ’
465 1329 483 1350 *
513 1323 745 1367 Decem.
778 1322 901 1366 Luna.
945 1357 948 1359 Α

426 1379 623 1422 ELATA
651 1378 933 1421 CLARIOR.

146 1433 192 1474 In
214 1447 305 1530 eucrln
320 1464 330 1482 ‚
360 1436 430 1491 qui
453 1437 496 1477 in
520 1435 712 1492 dignitate
727 1435 860 1493 plures
882 1434 934 1476 de
955 1431 993 1474 se
1015 1434 1163 1492 spargit
1176 1437 1300 1480 virtu·

109 1498 196 1530 tum
216 1504 255 1530 ra
289 1505 360 1531 ios.

243 1556 261 1577 *
296 1545 531 1597 DCCCIV.
561 1544 674 1586 Luna
702 1545 886 1586 tumidum
901 1558 998 1584 mare
1007 1544 1164 1595 sedans.

372 1599 617 1643 TUMIDO
646 1596 1036 1642 DOMINATUR.

153 1653 198 1694 ln
212 1655 253 1695 B.
268 1652 478 1710 Virginem
501 1656 689 1703 Mariam,
707 1670 797 1712 quae
810 1670 852 1696 m
867 1652 1190 1711 superbissimum
1203 1658 1302 1701 Dae-

101 1723 269 1751 monem
282 1710 526 1753 Dominium
543 1721 720 1753 exercet.

494 1772 521 1796 '⁶
546 1760 762 1808 DCCCV.
791 1765 911 1806 Idem.

104 1817 166 1860 IN
198 1818 372 1863 AESTU
400 1820 734 1865 TEMPERIES
766 1824 826 1861 Ex
852 1824 938 1872 hym.
967 1822 1057 1864 Veni
1055 1823 1185 1873 fimHe
1214 1828 1307 1882 Spi<

649 1889 760 1919 rttur.

158 1929 200 1970 B.
222 1931 352 1985 Virgo
376 1928 492 1972 aestus
515 1934 642 1973 carnis
659 1931 804 1974 nostrae
824 1928 1059 1985 compescit.
1116 1933 1159 1974 B.
1182 1936 1311 1994 Virgo

104 1981 275 2027 Patrona
301 1985 525 2028 animarum
544 1990 586 2028 in
609 1985 845 2044 Purgatorio
859 2013 872 2032 ,
902 1999 1080 2040 quorum
1095 1990 1212 2034 aestus
1237 2007 1306 2049 pa·

107 2040 280 2081 trocinio
305 2039 373 2081 suo
390 2051 602 2094 temperat.

238 2099 264 2124 *⁵
292 2092 523 2138 DCCCVI.
559 2095 670 2138 Luna
684 2099 916 2152 planetarum
938 2098 1188 2144 velocfflmus.

233 2148 436 2192 TARDA
465 2150 623 2199 SOLO
645 2181 657 2201 ‚
698 2148 906 2193 COELO
936 2150 1194 2194 FESTINA.
1274 2205 1321 2247 In
