<?xml version="1.0" encoding="UTF-8"?>
<!DOCTYPE html PUBLIC "-//W3C//DTD XHTML 1.0 Transitional//EN"
    "http://www.w3.org/TR/xhtml1/DTD/xhtml1-transitional.dtd">
<html xmlns="http://www.w3.org/1999/xhtml" xml:lang="en" lang="en">
 <head>
  <title>
</title>
<meta http-equiv="Content-Type" content="text/html;charset=utf-8" />
  <meta name='ocr-system' content='tesseract 3.04.00' />
  <meta name='ocr-capabilities' content='ocr_page ocr_carea ocr_par ocr_line ocrx_word'/>
</head>
<body>
  <div class='ocr_page' id='page_1' title='image "./joannismichaelis00kett_0816.png"; bbox 0 0 1534 2568; ppageno 0'>
   <div class='ocr_carea' id='block_1_1' title="bbox 335 201 1364 301">
    <p class='ocr_par' dir='ltr' id='par_1_1' title="bbox 335 201 1364 301">
     <span class='ocr_line' id='line_1_1' title="bbox 335 201 1364 255; baseline 0.005 -9"><span class='ocrx_word' id='word_1_1' title='bbox 335 201 618 247; x_wconf 87' lang='lat' dir='ltr'><strong>PRETIUM</strong></span> <span class='ocrx_word' id='word_1_2' title='bbox 646 201 714 247; x_wconf 93' lang='lat' dir='ltr'>IN</span> <span class='ocrx_word' id='word_1_3' title='bbox 744 201 1002 245; x_wconf 90' lang='lat' dir='ltr'><strong>EXUVIIS.</strong></span> <span class='ocrx_word' id='word_1_4' title='bbox 1054 204 1139 255; x_wconf 88' lang='lat' dir='ltr'>Vel,</span> <span class='ocrx_word' id='word_1_5' title='bbox 1193 205 1364 251; x_wconf 85' lang='lat' dir='ltr'><strong>MORS</strong></span> 
     </span>
     <span class='ocr_line' id='line_1_2' title="bbox 683 257 992 301; baseline 0 -1"><span class='ocrx_word' id='word_1_6' title='bbox 683 257 992 301; x_wconf 86' lang='lat' dir='ltr'><strong>PRETIOSA.</strong></span> 
     </span>
    </p>
   </div>
   <div class='ocr_carea' id='block_1_2' title="bbox 238 312 1519 1301">
    <p class='ocr_par' dir='ltr' id='par_1_2' title="bbox 238 312 1519 1301">
     <span class='ocr_line' id='line_1_3' title="bbox 297 312 1048 367; baseline -0.007 -8"><span class='ocrx_word' id='word_1_7' title='bbox 297 315 344 359; x_wconf 93' lang='lat' dir='ltr'>In</span> <span class='ocrx_word' id='word_1_8' title='bbox 358 313 562 367; x_wconf 75' lang='lat' dir='ltr'>Reliquias</span> <span class='ocrx_word' id='word_1_9' title='bbox 575 313 780 356; x_wconf 85' lang='lat' dir='ltr'>variorum</span> <span class='ocrx_word' id='word_1_10' title='bbox 793 312 1048 357; x_wconf 62' lang='lat' dir='ltr'>Sanfflorum.</span> 
     </span>
     <span class='ocr_line' id='line_1_4' title="bbox 358 368 1306 422; baseline -0.002 -8"><span class='ocrx_word' id='word_1_11' title='bbox 358 370 386 398; x_wconf 69' lang='lat'>²*</span> <span class='ocrx_word' id='word_1_12' title='bbox 414 369 592 414; x_wconf 81' lang='lat' dir='ltr'><strong>CLXV.</strong></span> <span class='ocrx_word' id='word_1_13' title='bbox 621 368 806 422; x_wconf 80' lang='lat' dir='ltr'>Bombyci</span> <span class='ocrx_word' id='word_1_14' title='bbox 820 370 1140 420; x_wconf 73' lang='lat' dir='ltr'>sefi’evisceranti</span> <span class='ocrx_word' id='word_1_15' title='bbox 1148 368 1306 415; x_wconf 82' lang='lat' dir='ltr'><em>lemma.</em></span> 
     </span>
     <span class='ocr_line' id='line_1_5' title="bbox 507 423 1481 470; baseline -0.012 -2"><span class='ocrx_word' id='word_1_16' title='bbox 507 423 768 468; x_wconf 88' lang='lat' dir='ltr'>TANTUS</span> <span class='ocrx_word' id='word_1_17' title='bbox 800 423 982 467; x_wconf 82' lang='lat' dir='ltr'>AMOR</span> <span class='ocrx_word' id='word_1_18' title='bbox 1007 423 1187 468; x_wconf 88' lang='lat' dir='ltr'><strong>PENSI.</strong></span> <span class='ocrx_word' id='word_1_19' title='bbox 1476 457 1481 470; x_wconf 72' lang='grc'>,,</span> 
     </span>
     <span class='ocr_line' id='line_1_6' title="bbox 301 478 1519 535; baseline 0.003 -12"><span class='ocrx_word' id='word_1_20' title='bbox 301 481 446 535; x_wconf 78' lang='lat' dir='ltr'><strong>Imago</strong></span> <span class='ocrx_word' id='word_1_21' title='bbox 467 480 656 535; x_wconf 80' lang='lat' dir='ltr'>Religiofi</span> <span class='ocrx_word' id='word_1_22' title='bbox 678 478 919 522; x_wconf 83' lang='lat' dir='ltr'>Miffionarii</span> <span class='ocrx_word' id='word_1_23' title='bbox 938 511 949 531; x_wconf 80' lang='lat'>‚</span> <span class='ocrx_word' id='word_1_24' title='bbox 965 481 1032 533; x_wconf 85' lang='lat' dir='ltr'>qui</span> <span class='ocrx_word' id='word_1_25' title='bbox 1046 481 1172 535; x_wconf 89' lang='lat' dir='ltr'>penso</span> <span class='ocrx_word' id='word_1_26' title='bbox 1203 480 1447 527; x_wconf 70' lang='lat' dir='ltr'>Mfflionum</span> <span class='ocrx_word' id='word_1_27' title='bbox 1516 509 1519 526; x_wconf 87' lang='grc'>.-</span> 
     </span>
     <span class='ocr_line' id='line_1_7' title="bbox 245 536 1062 580; baseline 0.001 -2"><span class='ocrx_word' id='word_1_28' title='bbox 245 536 386 579; x_wconf 85' lang='lat' dir='ltr'>sedulo</span> <span class='ocrx_word' id='word_1_29' title='bbox 396 537 649 579; x_wconf 81' lang='lat' dir='ltr'>decurrendo</span> <span class='ocrx_word' id='word_1_30' title='bbox 662 536 906 577; x_wconf 89' lang='lat' dir='ltr'><strong>immortuus</strong></span> <span class='ocrx_word' id='word_1_31' title='bbox 917 536 1062 580; x_wconf 84' lang='lat' dir='ltr'>fuerat.</span> 
     </span>
     <span class='ocr_line' id='line_1_8' title="bbox 519 590 1518 660; baseline -0.003 -27"><span class='ocrx_word' id='word_1_32' title='bbox 519 590 548 620; x_wconf 46' lang='grc' dir='ltr'>ἡ*</span> <span class='ocrx_word' id='word_1_33' title='bbox 576 590 777 633; x_wconf 88' lang='lat' dir='ltr'>CLXVI.</span> <span class='ocrx_word' id='word_1_34' title='bbox 807 591 992 646; x_wconf 81' lang='lat' dir='ltr'>Bombyci</span> <span class='ocrx_word' id='word_1_35' title='bbox 1012 590 1161 631; x_wconf 78' lang='lat' dir='ltr'><em>lemma.</em></span> <span class='ocrx_word' id='word_1_36' title='bbox 1510 610 1518 660; x_wconf 89' lang='grc'><strong>4</strong></span> 
     </span>
     <span class='ocr_line' id='line_1_9' title="bbox 286 644 1464 690; baseline 0 -2"><span class='ocrx_word' id='word_1_37' title='bbox 286 646 428 690; x_wconf 88' lang='lat' dir='ltr'><strong>FILO</strong></span> <span class='ocrx_word' id='word_1_38' title='bbox 456 646 662 690; x_wconf 91' lang='lat' dir='ltr'>DECOR</span> <span class='ocrx_word' id='word_1_39' title='bbox 691 646 830 689; x_wconf 90' lang='lat' dir='ltr'>MIHI</span> <span class='ocrx_word' id='word_1_40' title='bbox 859 645 1120 690; x_wconf 87' lang='lat' dir='ltr'><strong>TANTUS</strong></span> <span class='ocrx_word' id='word_1_41' title='bbox 1150 646 1227 689; x_wconf 88' lang='lat' dir='ltr'>AB</span> <span class='ocrx_word' id='word_1_42' title='bbox 1255 644 1412 689; x_wconf 87' lang='lat' dir='ltr'>UNO.</span> <span class='ocrx_word' id='word_1_43' title='bbox 1461 647 1464 654; x_wconf 88' lang='lat'>&#39;</span> 
     </span>
     <span class='ocr_line' id='line_1_10' title="bbox 299 703 1475 757; baseline 0.001 -13"><span class='ocrx_word' id='word_1_44' title='bbox 299 704 513 757; x_wconf 83' lang='lat' dir='ltr'>Applicavi</span> <span class='ocrx_word' id='word_1_45' title='bbox 535 705 615 744; x_wconf 87' lang='lat' dir='ltr'>hoc</span> <span class='ocrx_word' id='word_1_46' title='bbox 645 703 861 755; x_wconf 82' lang='lat' dir='ltr'>aliquando</span> <span class='ocrx_word' id='word_1_47' title='bbox 882 703 1045 744; x_wconf 89' lang='lat' dir='ltr'>cuidam</span> <span class='ocrx_word' id='word_1_48' title='bbox 1074 714 1122 743; x_wconf 86' lang='lat' dir='ltr'>ex</span> <span class='ocrx_word' id='word_1_49' title='bbox 1143 703 1287 744; x_wconf 88' lang='lat' dir='ltr'>ordine</span> <span class='ocrx_word' id='word_1_50' title='bbox 1311 703 1448 745; x_wconf 84' lang='lat' dir='ltr'>nostro</span> <span class='ocrx_word' id='word_1_51' title='bbox 1472 718 1475 721; x_wconf 87' lang='lat'>·</span> 
     </span>
     <span class='ocr_line' id='line_1_11' title="bbox 241 756 1448 807; baseline 0.001 -8"><span class='ocrx_word' id='word_1_52' title='bbox 241 756 540 801; x_wconf 75' lang='lat' dir='ltr'>Concionatori</span> <span class='ocrx_word' id='word_1_53' title='bbox 555 786 566 807; x_wconf 91' lang='lat'>‚</span> <span class='ocrx_word' id='word_1_54' title='bbox 589 758 743 799; x_wconf 88' lang='lat' dir='ltr'>dumin</span> <span class='ocrx_word' id='word_1_55' title='bbox 765 756 940 799; x_wconf 66' lang='lat' dir='ltr'>Ecclefifi</span> <span class='ocrx_word' id='word_1_56' title='bbox 964 757 1044 800; x_wconf 81' lang='lat' dir='ltr'>PP.</span> <span class='ocrx_word' id='word_1_57' title='bbox 1067 758 1383 800; x_wconf 86' lang='lat' dir='ltr'>Carmelitarum</span> <span class='ocrx_word' id='word_1_58' title='bbox 1405 760 1448 801; x_wconf 91' lang='lat' dir='ltr'>in</span> 
     </span>
     <span class='ocr_line' id='line_1_12' title="bbox 244 812 1450 867; baseline 0.003 -14"><span class='ocrx_word' id='word_1_59' title='bbox 244 812 346 855; x_wconf 84' lang='lat' dir='ltr'>festo</span> <span class='ocrx_word' id='word_1_60' title='bbox 367 814 646 867; x_wconf 81' lang='lat' dir='ltr'>S.Scapu1aris</span> <span class='ocrx_word' id='word_1_61' title='bbox 667 813 805 855; x_wconf 87' lang='lat' dir='ltr'>dicens</span> <span class='ocrx_word' id='word_1_62' title='bbox 818 844 830 864; x_wconf 92' lang='lat'>‚</span> <span class='ocrx_word' id='word_1_63' title='bbox 850 814 949 854; x_wconf 89' lang='lat' dir='ltr'>illud</span> <span class='ocrx_word' id='word_1_64' title='bbox 964 814 1036 855; x_wconf 83' lang='lat' dir='ltr'>filo</span> <span class='ocrx_word' id='word_1_65' title='bbox 1048 813 1235 855; x_wconf 83' lang='lat' dir='ltr'>Ariadnae</span> <span class='ocrx_word' id='word_1_66' title='bbox 1254 827 1348 855; x_wconf 88' lang='lat' dir='ltr'>cum</span> <span class='ocrx_word' id='word_1_67' title='bbox 1363 827 1450 857; x_wconf 86' lang='lat' dir='ltr'>rna·</span> 
     </span>
     <span class='ocr_line' id='line_1_13' title="bbox 241 867 1443 968; baseline 0.002 -58"><span class='ocrx_word' id='word_1_68' title='bbox 241 867 675 968; x_wconf 55' lang='grc' dir='ltr'>3ῃςέρριίμ1ᾒζρρ1ειιιΐυ</span> <span class='ocrx_word' id='word_1_69' title='bbox 686 868 962 925; x_wconf 78' lang='lat' dir='ltr'>comparasset.</span> <span class='ocrx_word' id='word_1_70' title='bbox 993 869 1310 912; x_wconf 83' lang='lat' dir='ltr'>Carmelitarum</span> <span class='ocrx_word' id='word_1_71' title='bbox 1321 869 1443 912; x_wconf 85' lang='lat' dir='ltr'>Ordi-</span> 
     </span>
     <span class='ocr_line' id='line_1_14' title="bbox 246 937 560 968; baseline -0.01 -1"><span class='ocrx_word' id='word_1_72' title='bbox 246 937 311 967; x_wconf 76' lang='lat' dir='ltr'>nu</span> <span class='ocrx_word' id='word_1_73' title='bbox 360 940 400 968; x_wconf 86' lang='lat' dir='ltr'>m</span> <span class='ocrx_word' id='word_1_74' title='bbox 420 938 475 968; x_wconf 90' lang='lat' dir='ltr'>cr1</span> <span class='ocrx_word' id='word_1_75' title='bbox 506 938 560 966; x_wconf 84' lang='lat' dir='ltr'>es.</span> 
     </span>
     <span class='ocr_line' id='line_1_15' title="bbox 360 978 1153 1023; baseline -0.008 2"><span class='ocrx_word' id='word_1_76' title='bbox 360 978 363 981; x_wconf 37' lang='grc'><strong>“</strong></span> <span class='ocrx_word' id='word_1_77' title='bbox 524 979 553 1008; x_wconf 63' lang='lat'>&#39;¹‘</span> <span class='ocrx_word' id='word_1_78' title='bbox 582 979 802 1023; x_wconf 87' lang='lat' dir='ltr'>CLXVII.</span> <span class='ocrx_word' id='word_1_79' title='bbox 834 979 977 1021; x_wconf 88' lang='lat' dir='ltr'><em>Eidem</em></span> <span class='ocrx_word' id='word_1_80' title='bbox 999 980 1153 1020; x_wconf 83' lang='lat' dir='ltr'><em>lemma.</em></span> 
     </span>
     <span class='ocr_line' id='line_1_16' title="bbox 288 1034 1410 1080; baseline -0.001 -1"><span class='ocrx_word' id='word_1_81' title='bbox 288 1035 428 1079; x_wconf 90' lang='lat' dir='ltr'><strong>FILO</strong></span> <span class='ocrx_word' id='word_1_82' title='bbox 460 1035 728 1079; x_wconf 86' lang='lat' dir='ltr'><strong>LETHUM</strong></span> <span class='ocrx_word' id='word_1_83' title='bbox 760 1035 897 1079; x_wconf 87' lang='lat' dir='ltr'>MIHI</span> <span class='ocrx_word' id='word_1_84' title='bbox 928 1035 1119 1078; x_wconf 89' lang='lat' dir='ltr'><strong>VENIT</strong></span> <span class='ocrx_word' id='word_1_85' title='bbox 1150 1034 1226 1077; x_wconf 88' lang='lat' dir='ltr'>AB</span> <span class='ocrx_word' id='word_1_86' title='bbox 1255 1035 1410 1080; x_wconf 90' lang='lat' dir='ltr'>UNO.</span> 
     </span>
     <span class='ocr_line' id='line_1_17' title="bbox 293 1091 1447 1146; baseline 0.002 -13"><span class='ocrx_word' id='word_1_87' title='bbox 293 1092 437 1146; x_wconf 89' lang='lat' dir='ltr'>Imago</span> <span class='ocrx_word' id='word_1_88' title='bbox 470 1091 799 1141; x_wconf 85' lang='lat' dir='ltr'>Damnatorum‚</span> <span class='ocrx_word' id='word_1_89' title='bbox 819 1093 960 1144; x_wconf 86' lang='lat' dir='ltr'><strong>quibus</strong></span> <span class='ocrx_word' id='word_1_90' title='bbox 993 1103 1145 1133; x_wconf 83' lang='lat' dir='ltr'>aetetnae</span> <span class='ocrx_word' id='word_1_91' title='bbox 1175 1092 1447 1136; x_wconf 80' lang='lat' dir='ltr'>damnationis</span> 
     </span>
     <span class='ocr_line' id='line_1_18' title="bbox 238 1146 1119 1200; baseline -0.003 -10"><span class='ocrx_word' id='word_1_92' title='bbox 238 1149 399 1190; x_wconf 86' lang='lat' dir='ltr'>lethum</span> <span class='ocrx_word' id='word_1_93' title='bbox 411 1148 551 1200; x_wconf 85' lang='lat' dir='ltr'>obtigit</span> <span class='ocrx_word' id='word_1_94' title='bbox 564 1148 582 1188; x_wconf 74' lang='grc' dir='ltr'>ὲ</span> <span class='ocrx_word' id='word_1_95' title='bbox 595 1147 668 1189; x_wconf 80' lang='lat' dir='ltr'>filo</span> <span class='ocrx_word' id='word_1_96' title='bbox 679 1148 767 1188; x_wconf 79' lang='lat' dir='ltr'>vitae</span> <span class='ocrx_word' id='word_1_97' title='bbox 780 1146 886 1189; x_wconf 73' lang='lat' dir='ltr'>maIe</span> <span class='ocrx_word' id='word_1_98' title='bbox 899 1148 1119 1189; x_wconf 79' lang='lat' dir='ltr'>elaborato.</span> 
     </span>
     <span class='ocr_line' id='line_1_19' title="bbox 316 1173 1515 1296; baseline -0.002 -51"><span class='ocrx_word' id='word_1_99' title='bbox 316 1203 338 1227; x_wconf 85' lang='grc'><strong>*</strong></span> <span class='ocrx_word' id='word_1_100' title='bbox 368 1201 610 1245; x_wconf 85' lang='lat' dir='ltr'>CLXVIII.</span> <span class='ocrx_word' id='word_1_101' title='bbox 642 1203 982 1257; x_wconf 71' lang='lat' dir='ltr'>Bombyxoresuaes</span> <span class='ocrx_word' id='word_1_102' title='bbox 994 1206 1157 1243; x_wconf 75' lang='lat' dir='ltr'>exuvias</span> <span class='ocrx_word' id='word_1_103' title='bbox 1179 1201 1370 1244; x_wconf 82' lang='lat' dir='ltr'>evolvens.</span> <span class='ocrx_word' id='word_1_104' title='bbox 1512 1173 1515 1296; x_wconf 55' lang='grc' dir='ltr'><strong>ἒ</strong></span> 
     </span>
     <span class='ocr_line' id='line_1_20' title="bbox 580 1256 1105 1301; baseline -0.01 0"><span class='ocrx_word' id='word_1_105' title='bbox 580 1257 656 1301; x_wconf 83' lang='grc' dir='ltr'>ΑΒ</span> <span class='ocrx_word' id='word_1_106' title='bbox 688 1256 809 1300; x_wconf 88' lang='lat' dir='ltr'>ORE</span> <span class='ocrx_word' id='word_1_107' title='bbox 837 1257 1105 1301; x_wconf 84' lang='lat' dir='ltr'><strong>EXUVIAE.</strong></span> 
     </span>
    </p>
   </div>
   <div class='ocr_carea' id='block_1_3' title="bbox 236 1297 1514 1700">
    <p class='ocr_par' dir='ltr' id='par_1_3' title="bbox 237 1297 1514 1534">
     <span class='ocr_line' id='line_1_21' title="bbox 302 1297 1514 1368; baseline -0.001 -13"><span class='ocrx_word' id='word_1_108' title='bbox 302 1313 396 1355; x_wconf 83' lang='lat' dir='ltr'>Idea</span> <span class='ocrx_word' id='word_1_109' title='bbox 408 1314 614 1356; x_wconf 63' lang='lat' dir='ltr'>vadorum</span> <span class='ocrx_word' id='word_1_110' title='bbox 625 1312 868 1356; x_wconf 58' lang='lat' dir='ltr'>&amp;melorum</span> <span class='ocrx_word' id='word_1_111' title='bbox 880 1345 891 1366; x_wconf 88' lang='lat'>‚</span> <span class='ocrx_word' id='word_1_112' title='bbox 912 1314 979 1368; x_wconf 89' lang='lat' dir='ltr'>qui</span> <span class='ocrx_word' id='word_1_113' title='bbox 993 1313 1218 1368; x_wconf 84' lang='lat' dir='ltr'>incognitas</span> <span class='ocrx_word' id='word_1_114' title='bbox 1230 1313 1316 1354; x_wconf 86' lang='lat' dir='ltr'>orbi</span> <span class='ocrx_word' id='word_1_115' title='bbox 1329 1311 1451 1355; x_wconf 59' lang='lat' dir='ltr'>Reli-¹</span> <span class='ocrx_word' id='word_1_116' title='bbox 1510 1297 1514 1354; x_wconf 58' lang='lat' dir='ltr'><strong>I</strong></span> 
     </span>
     <span class='ocr_line' id='line_1_22' title="bbox 237 1369 1513 1423; baseline -0.001 -12"><span class='ocrx_word' id='word_1_117' title='bbox 237 1370 348 1423; x_wconf 85' lang='lat' dir='ltr'>quias</span> <span class='ocrx_word' id='word_1_118' title='bbox 362 1369 446 1411; x_wconf 86' lang='lat' dir='ltr'>suas</span> <span class='ocrx_word' id='word_1_119' title='bbox 457 1370 523 1422; x_wconf 82' lang='lat' dir='ltr'>ipfi</span> <span class='ocrx_word' id='word_1_120' title='bbox 537 1372 777 1411; x_wconf 85' lang='lat' dir='ltr'>revelarunt.</span> <span class='ocrx_word' id='word_1_121' title='bbox 1511 1369 1513 1392; x_wconf 70' lang='lat'><em>⁴</em></span> 
     </span>
     <span class='ocr_line' id='line_1_23' title="bbox 365 1423 1334 1480; baseline -0.003 -13"><span class='ocrx_word' id='word_1_122' title='bbox 365 1425 386 1448; x_wconf 87' lang='grc'>*</span> <span class='ocrx_word' id='word_1_123' title='bbox 413 1424 618 1468; x_wconf 85' lang='lat' dir='ltr'><strong>CLXIX.</strong></span> <span class='ocrx_word' id='word_1_124' title='bbox 645 1425 822 1480; x_wconf 81' lang='lat' dir='ltr'><em>Bombyx</em></span> <span class='ocrx_word' id='word_1_125' title='bbox 844 1424 1157 1478; x_wconf 58' lang='lat' dir='ltr'>&amp;calathiscosuo</span> <span class='ocrx_word' id='word_1_126' title='bbox 1175 1423 1334 1464; x_wconf 83' lang='lat' dir='ltr'><em>evolans</em></span> 
     </span>
     <span class='ocr_line' id='line_1_24' title="bbox 697 1481 995 1534; baseline 0.003 -16"><span class='ocrx_word' id='word_1_127' title='bbox 697 1481 855 1530; x_wconf 88' lang='lat' dir='ltr'>semina</span> <span class='ocrx_word' id='word_1_128' title='bbox 870 1484 995 1534; x_wconf 82' lang='lat' dir='ltr'>ponit.</span> 
     </span>
    </p>

    <p class='ocr_par' dir='ltr' id='par_1_4' title="bbox 236 1533 1474 1700">
     <span class='ocr_line' id='line_1_25' title="bbox 466 1533 1474 1585; baseline -0.002 -8"><span class='ocrx_word' id='word_1_129' title='bbox 466 1533 617 1577; x_wconf 84' lang='lat' dir='ltr'>POST</span> <span class='ocrx_word' id='word_1_130' title='bbox 646 1533 931 1577; x_wconf 83' lang='lat' dir='ltr'><strong>VINCULA</strong></span> <span class='ocrx_word' id='word_1_131' title='bbox 962 1533 1217 1577; x_wconf 87' lang='lat' dir='ltr'>FOETUS.</span> <span class='ocrx_word' id='word_1_132' title='bbox 1471 1580 1474 1585; x_wconf 63' lang='lat'><em>„</em></span> 
     </span>
     <span class='ocr_line' id='line_1_26' title="bbox 289 1586 1467 1646; baseline -0.002 -12"><span class='ocrx_word' id='word_1_133' title='bbox 289 1592 432 1646; x_wconf 85' lang='lat' dir='ltr'>Imago</span> <span class='ocrx_word' id='word_1_134' title='bbox 450 1591 655 1631; x_wconf 82' lang='lat' dir='ltr'>variorum</span> <span class='ocrx_word' id='word_1_135' title='bbox 677 1589 945 1640; x_wconf 58' lang='lat' dir='ltr'>Sanfflrum,</span> <span class='ocrx_word' id='word_1_136' title='bbox 965 1591 1031 1642; x_wconf 83' lang='lat' dir='ltr'>qui</span> <span class='ocrx_word' id='word_1_137' title='bbox 1046 1588 1286 1631; x_wconf 72' lang='lat' dir='ltr'>miraculose</span> <span class='ocrx_word' id='word_1_138' title='bbox 1310 1586 1330 1630; x_wconf 67' lang='grc' dir='ltr'>εἰ</span> <span class='ocrx_word' id='word_1_139' title='bbox 1347 1588 1444 1632; x_wconf 88' lang='lat' dir='ltr'>Deo</span> <span class='ocrx_word' id='word_1_140' title='bbox 1464 1599 1467 1602; x_wconf 73' lang='grc'>’</span> 
     </span>
     <span class='ocr_line' id='line_1_27' title="bbox 236 1645 1445 1700; baseline -0.002 -11"><span class='ocrx_word' id='word_1_141' title='bbox 236 1647 257 1689; x_wconf 80' lang='grc' dir='ltr'>ὲ</span> <span class='ocrx_word' id='word_1_142' title='bbox 271 1648 492 1689; x_wconf 84' lang='lat' dir='ltr'>carceribus</span> <span class='ocrx_word' id='word_1_143' title='bbox 516 1646 691 1695; x_wconf 82' lang='lat' dir='ltr'>liberati,</span> <span class='ocrx_word' id='word_1_144' title='bbox 712 1646 805 1687; x_wconf 78' lang='lat' dir='ltr'>dein</span> <span class='ocrx_word' id='word_1_145' title='bbox 819 1658 949 1686; x_wconf 82' lang='lat' dir='ltr'>novos</span> <span class='ocrx_word' id='word_1_146' title='bbox 970 1645 1130 1688; x_wconf 82' lang='lat' dir='ltr'>Christo</span> <span class='ocrx_word' id='word_1_147' title='bbox 1149 1649 1271 1689; x_wconf 69' lang='lat' dir='ltr'>toetus</span> <span class='ocrx_word' id='word_1_148' title='bbox 1282 1658 1445 1700; x_wconf 84' lang='lat' dir='ltr'>pepere—</span> 
     </span>
    </p>
   </div>
   <div class='ocr_carea' id='block_1_4' title="bbox 241 1700 1306 1808">
    <p class='ocr_par' dir='ltr' id='par_1_5' title="bbox 241 1700 1306 1808">
     <span class='ocr_line' id='line_1_28' title="bbox 241 1700 996 1757; baseline -0.008 -11"><span class='ocrx_word' id='word_1_149' title='bbox 241 1715 334 1745; x_wconf 77' lang='lat' dir='ltr'>tunt</span> <span class='ocrx_word' id='word_1_150' title='bbox 349 1715 417 1757; x_wconf 88' lang='lat' dir='ltr'>per</span> <span class='ocrx_word' id='word_1_151' title='bbox 430 1700 638 1755; x_wconf 82' lang='lat' dir='ltr'>Euangelii</span> <span class='ocrx_word' id='word_1_152' title='bbox 656 1702 996 1754; x_wconf 74' lang='lat' dir='ltr'>praedicationem.</span> 
     </span>
     <span class='ocr_line' id='line_1_29' title="bbox 366 1754 1306 1808; baseline 0.002 -13"><span class='ocrx_word' id='word_1_153' title='bbox 366 1758 387 1781; x_wconf 87' lang='grc'><em>*</em></span> <span class='ocrx_word' id='word_1_154' title='bbox 416 1755 597 1798; x_wconf 86' lang='lat' dir='ltr'><strong>CLXX.</strong></span> <span class='ocrx_word' id='word_1_155' title='bbox 626 1756 801 1807; x_wconf 80' lang='lat' dir='ltr'>Bombyx</span> <span class='ocrx_word' id='word_1_156' title='bbox 821 1759 965 1804; x_wconf 62' lang='lat' dir='ltr'>[hmine</span> <span class='ocrx_word' id='word_1_157' title='bbox 982 1754 1090 1808; x_wconf 77' lang='lat' dir='ltr'>posito</span> <span class='ocrx_word' id='word_1_158' title='bbox 1110 1759 1306 1798; x_wconf 82' lang='lat' dir='ltr'>emoritur.</span> 
     </span>
    </p>
   </div>
   <div class='ocr_carea' id='block_1_5' title="bbox 287 1808 1511 1923">
    <p class='ocr_par' dir='ltr' id='par_1_6' title="bbox 287 1808 1511 1923">
     <span class='ocr_line' id='line_1_30' title="bbox 476 1808 1511 1866; baseline 0 -12"><span class='ocrx_word' id='word_1_159' title='bbox 476 1810 628 1854; x_wconf 87' lang='lat' dir='ltr'>POST</span> <span class='ocrx_word' id='word_1_160' title='bbox 655 1808 921 1854; x_wconf 87' lang='lat' dir='ltr'>FOETUM</span> <span class='ocrx_word' id='word_1_161' title='bbox 954 1811 1196 1855; x_wconf 86' lang='lat' dir='ltr'><strong>FATUM.</strong></span> <span class='ocrx_word' id='word_1_162' title='bbox 1509 1841 1511 1866; x_wconf 70' lang='lat'><em>3</em></span> 
     </span>
     <span class='ocr_line' id='line_1_31' title="bbox 287 1866 1511 1923; baseline 0.002 -16"><span class='ocrx_word' id='word_1_163' title='bbox 287 1867 433 1923; x_wconf 83' lang='lat' dir='ltr'>Imago</span> <span class='ocrx_word' id='word_1_164' title='bbox 454 1866 693 1923; x_wconf 81' lang='lat' dir='ltr'>Principiffae</span> <span class='ocrx_word' id='word_1_165' title='bbox 713 1867 921 1919; x_wconf 83' lang='lat' dir='ltr'>cujusdam</span> <span class='ocrx_word' id='word_1_166' title='bbox 943 1868 1156 1923; x_wconf 87' lang='lat' dir='ltr'>puerperio</span> <span class='ocrx_word' id='word_1_167' title='bbox 1181 1869 1254 1911; x_wconf 90' lang='lat' dir='ltr'>suo</span> <span class='ocrx_word' id='word_1_168' title='bbox 1267 1867 1437 1910; x_wconf 70' lang='lat' dir='ltr'>Immor-</span> <span class='ocrx_word' id='word_1_169' title='bbox 1456 1895 1459 1898; x_wconf 29' lang='grc' dir='ltr'><strong><em>ι</em></strong></span> <span class='ocrx_word' id='word_1_170' title='bbox 1509 1871 1511 1922; x_wconf 61' lang='grc' dir='ltr'>ξ</span> 
     </span>
    </p>
   </div>
   <div class='ocr_carea' id='block_1_6' title="bbox 240 1931 1250 2076">
    <p class='ocr_par' dir='ltr' id='par_1_7' title="bbox 240 1931 1250 2076">
     <span class='ocr_line' id='line_1_32' title="bbox 240 1931 1171 2025; baseline -0.002 -6"><span class='ocrx_word' id='word_1_171' title='bbox 240 1931 330 1967; x_wconf 73' lang='lat' dir='ltr'>tuae.</span> <span class='ocrx_word' id='word_1_172' title='bbox 518 1976 547 2004; x_wconf 61' lang='lat'>⁸*</span> <span class='ocrx_word' id='word_1_173' title='bbox 577 1976 778 2020; x_wconf 86' lang='lat' dir='ltr'><strong>CLXXI.</strong></span> <span class='ocrx_word' id='word_1_174' title='bbox 809 1978 998 2025; x_wconf 74' lang='lat' dir='ltr'>Bombyci</span> <span class='ocrx_word' id='word_1_175' title='bbox 1018 1976 1171 2018; x_wconf 80' lang='lat' dir='ltr'><em>lemma.</em></span> 
     </span>
     <span class='ocr_line' id='line_1_33' title="bbox 426 2030 1250 2076; baseline 0 -2"><span class='ocrx_word' id='word_1_176' title='bbox 426 2030 568 2074; x_wconf 89' lang='lat' dir='ltr'>UNO</span> <span class='ocrx_word' id='word_1_177' title='bbox 594 2032 831 2076; x_wconf 78' lang='lat' dir='ltr'><strong>TRAHIT</strong></span> <span class='ocrx_word' id='word_1_178' title='bbox 858 2033 1070 2076; x_wconf 88' lang='lat' dir='ltr'>OMNIA</span> <span class='ocrx_word' id='word_1_179' title='bbox 1098 2032 1250 2075; x_wconf 92' lang='lat' dir='ltr'><strong>FILO.</strong></span> 
     </span>
    </p>
   </div>
   <div class='ocr_carea' id='block_1_7' title="bbox 291 2087 1431 2242">
    <p class='ocr_par' dir='ltr' id='par_1_8' title="bbox 291 2087 1431 2242">
     <span class='ocr_line' id='line_1_34' title="bbox 291 2087 1004 2142; baseline 0.006 -13"><span class='ocrx_word' id='word_1_180' title='bbox 291 2087 436 2139; x_wconf 73' lang='lat' dir='ltr'><strong>Imago</strong></span> <span class='ocrx_word' id='word_1_181' title='bbox 449 2088 744 2138; x_wconf 75' lang='lat' dir='ltr'>perseverantiae</span> <span class='ocrx_word' id='word_1_182' title='bbox 758 2091 1004 2142; x_wconf 75' lang='lat' dir='ltr'>interruptae.</span> 
     </span>
     <span class='ocr_line' id='line_1_35' title="bbox 333 2140 1431 2242; baseline 0 -58"><span class='ocrx_word' id='word_1_183' title='bbox 333 2141 354 2164; x_wconf 87' lang='lat'><strong><em>*</em></strong></span> <span class='ocrx_word' id='word_1_184' title='bbox 382 2140 608 2186; x_wconf 77' lang='lat' dir='ltr'><strong>CLXXII.</strong></span> <span class='ocrx_word' id='word_1_185' title='bbox 638 2145 817 2200; x_wconf 79' lang='lat' dir='ltr'><em>Bombyx</em></span> <span class='ocrx_word' id='word_1_186' title='bbox 843 2144 862 2185; x_wconf 74' lang='grc' dir='ltr'><em>ὲ</em></span> <span class='ocrx_word' id='word_1_187' title='bbox 883 2144 1082 2198; x_wconf 75' lang='lat' dir='ltr'><em>calathtsco</em></span> <span class='ocrx_word' id='word_1_188' title='bbox 1091 2145 1161 2199; x_wconf 82' lang='lat' dir='ltr'>suo</span> <span class='ocrx_word' id='word_1_189' title='bbox 1180 2143 1431 2242; x_wconf 52' lang='lat' dir='ltr'>evolans-TO·</span> 
     </span>
    </p>
   </div>
   <div class='ocr_carea' id='block_1_8' title="bbox 246 74 1522 377">
    <p class='ocr_par' dir='ltr' id='par_1_9' title="bbox 246 74 1522 377">
     <span class='ocr_line' id='line_1_36' title="bbox 246 74 1522 296; baseline -0.002 -122"><span class='ocrx_word' id='word_1_190' title='bbox 246 141 344 190; x_wconf 82' lang='lat'>790</span> <span class='ocrx_word' id='word_1_191' title='bbox 586 121 1097 172; x_wconf 81' lang='lat' dir='ltr'><strong>-APELLES</strong></span> <span class='ocrx_word' id='word_1_192' title='bbox 1475 74 1522 296; x_wconf 65' lang='grc'>444</span> 
     </span>
     <span class='ocr_line' id='line_1_37' title="bbox 1506 300 1508 344; baseline 0 0"><span class='ocrx_word' id='word_1_193' title='bbox 1506 300 1508 344; x_wconf 97' lang='grc' dir='ltr'>Ι</span> 
     </span>
     <span class='ocr_line' id='line_1_38' title="bbox 1505 346 1508 377; baseline 0 0"><span class='ocrx_word' id='word_1_194' title='bbox 1505 346 1508 377; x_wconf 92' lang='grc' dir='ltr'>Ι</span> 
     </span>
    </p>
   </div>
   <div class='ocr_carea' id='block_1_9' title="bbox 1504 379 1508 615">
    <p class='ocr_par' dir='ltr' id='par_1_10' title="bbox 1504 379 1508 615">
     <span class='ocr_line' id='line_1_39' title="bbox 1504 379 1508 615; baseline 0 1953"><span class='ocrx_word' id='word_1_195' title='bbox 1504 379 1508 615; x_wconf 95' lang='lat' dir='ltr'> </span> 
     </span>
    </p>
   </div>
   <div class='ocr_carea' id='block_1_10' title="bbox 1512 662 1518 823">
    <p class='ocr_par' dir='ltr' id='par_1_11' title="bbox 1512 662 1518 823">
     <span class='ocr_line' id='line_1_40' title="bbox 1512 662 1518 823; baseline 0 1745"><span class='ocrx_word' id='word_1_196' title='bbox 1512 662 1518 823; x_wconf 95' lang='lat' dir='ltr'> </span> 
     </span>
    </p>
   </div>
   <div class='ocr_carea' id='block_1_11' title="bbox 1498 1017 1505 1220">
    <p class='ocr_par' dir='ltr' id='par_1_12' title="bbox 1498 1017 1505 1220">
     <span class='ocr_line' id='line_1_41' title="bbox 1498 1017 1505 1220; baseline 0 1348"><span class='ocrx_word' id='word_1_197' title='bbox 1498 1017 1505 1220; x_wconf 95' lang='lat' dir='ltr'> </span> 
     </span>
    </p>
   </div>
   <div class='ocr_carea' id='block_1_12' title="bbox 1511 1084 1515 1172">
    <p class='ocr_par' dir='ltr' id='par_1_13' title="bbox 1511 1084 1515 1172">
     <span class='ocr_line' id='line_1_42' title="bbox 1511 1084 1515 1172; baseline 0 0"><span class='ocrx_word' id='word_1_198' title='bbox 1511 1084 1515 1172; x_wconf 66' lang='grc' dir='ltr'><strong>ἓ</strong></span> 
     </span>
    </p>
   </div>
   <div class='ocr_carea' id='block_1_13' title="bbox 1507 1414 1513 1680">
    <p class='ocr_par' dir='ltr' id='par_1_14' title="bbox 1507 1414 1513 1680">
     <span class='ocr_line' id='line_1_43' title="bbox 1507 1414 1513 1680; baseline 0 888"><span class='ocrx_word' id='word_1_199' title='bbox 1507 1414 1513 1680; x_wconf 95' lang='lat' dir='ltr'> </span> 
     </span>
    </p>
   </div>
   <div class='ocr_carea' id='block_1_14' title="bbox 1508 1682 1510 1759">
    <p class='ocr_par' dir='ltr' id='par_1_15' title="bbox 1508 1682 1510 1759">
     <span class='ocr_line' id='line_1_44' title="bbox 1508 1682 1510 1759; baseline 0 0"><span class='ocrx_word' id='word_1_200' title='bbox 1508 1682 1510 1759; x_wconf 62' lang='grc' dir='ltr'>ἴ</span> 
     </span>
    </p>
   </div>
   <div class='ocr_carea' id='block_1_15' title="bbox 1492 1712 1499 2039">
    <p class='ocr_par' dir='ltr' id='par_1_16' title="bbox 1492 1712 1499 2039">
     <span class='ocr_line' id='line_1_45' title="bbox 1492 1712 1499 2039; baseline 0 529"><span class='ocrx_word' id='word_1_201' title='bbox 1492 1712 1499 2039; x_wconf 95' lang='lat' dir='ltr'> </span> 
     </span>
    </p>
   </div>
   <div class='ocr_carea' id='block_1_16' title="bbox 1517 1993 1534 2038">
    <p class='ocr_par' dir='ltr' id='par_1_17' title="bbox 1517 1993 1534 2038">
     <span class='ocr_line' id='line_1_46' title="bbox 1517 1993 1534 2038; baseline 0.176 -3"><span class='ocrx_word' id='word_1_202' title='bbox 1517 1993 1534 2038; x_wconf 82' lang='lat' dir='ltr'>du</span> 
     </span>
    </p>
   </div>
   <div class='ocr_carea' id='block_1_17' title="bbox 1490 2041 1496 2255">
    <p class='ocr_par' dir='ltr' id='par_1_18' title="bbox 1490 2041 1496 2255">
     <span class='ocr_line' id='line_1_47' title="bbox 1490 2041 1496 2255; baseline 0 313"><span class='ocrx_word' id='word_1_203' title='bbox 1490 2041 1496 2255; x_wconf 95' lang='lat' dir='ltr'> </span> 
     </span>
    </p>
   </div>
   <div class='ocr_carea' id='block_1_18' title="bbox 1488 2258 1494 2568">
    <p class='ocr_par' dir='ltr' id='par_1_19' title="bbox 1488 2258 1494 2568">
     <span class='ocr_line' id='line_1_48' title="bbox 1490 2258 1494 2405; baseline 0 -20"><span class='ocrx_word' id='word_1_204' title='bbox 1490 2258 1494 2405; x_wconf 80' lang='grc' dir='ltr'><em>ξ</em></span> 
     </span>
     <span class='ocr_line' id='line_1_49' title="bbox 1488 2409 1492 2568; baseline 0 -47"><span class='ocrx_word' id='word_1_205' title='bbox 1488 2409 1492 2568; x_wconf 77' lang='grc'><strong>4</strong></span> 
     </span>
    </p>
   </div>
  </div>
 </body>
</html>
