1534 2568
290 147 1031 199 SYMBOLICUS‚
1159 167 1251 216 579

101 232 149 274 In
174 231 356 274 Cantum
380 231 617 275 paschalem
639 230 825 275 Ecclefiae
848 231 1136 277 succedentem
1157 235 1255 278 tristi

44 285 280 331 Dominicae
292 286 481 330 Paffionis
499 289 647 342 hyemi.

43 342 307 388 DCCLXV.
338 343 558 384 Philomela
570 346 733 398 captiva
744 343 909 384 minime
930 354 1088 386 cantans
1098 344 1251 402 dimiffiz

312 399 367 438 ad
371 399 576 448 pristinum
591 408 749 437 cantum
761 404 990 441 revertitur.

222 453 511 498 LIBERTAS
543 451 789 495 GAUDIA
816 453 1056 498 REDDIT.

96 510 142 551 In
166 510 453 564 reaffumptum
488 508 743 564 Religiosum
766 520 934 553 cantum
955 509 976 551 ἓι
992 510 1249 555 Monialibus

40 565 150 607 bello
162 566 352 619 profugis.
1237 566 1248 592 ‘-

96 621 252 663 Veram
265 621 442 662 laetitiam
454 619 595 660 animo
615 618 745 660 reddit
757 620 913 663 libettas
926 652 938 673 ‚
955 633 1053 664 cum
1066 633 1135 676 per
1145 634 1243 677 pec·

39 685 177 719 catum
189 677 363 718 daemoni
377 674 548 716 minime
562 673 696 716 sumus
710 676 940 730 mancipati.

265 730 294 759 ³*
320 729 604 773 DCCLXVI.
635 729 860 772 Philomelae
877 730 1009 786 pullus.

297 785 384 828 AD
413 784 687 828 CANTICA
714 785 977 830 NASCOR.

87 839 305 883 Nascimur
325 853 472 883 omnes
491 841 539 882 ad
566 841 742 883 coelestia
764 841 935 886 Cantica
955 844 996 886 in
1017 845 1129 886 coelo
1153 842 1239 900 post

33 897 136 940 hanc
149 898 272 939 vitam
283 897 535 939 decantanda
546 896 586 938 in
600 907 808 939 aeternum.

118 951 139 974 '¹‘
165 951 472 995 DCCLXVII.
497 950 717 993 Philomela
734 952 897 993 alteram
908 955 953 994 in
964 963 1156 997 certamen

560 1021 716 1047 vocans.

70 1062 292 1107 CANTU
323 1061 534 1106 VOCAT
561 1061 629 1105 IN
658 1060 1047 1108 CERTAMINA.
1098 1064 1201 1120 Virg.

87 1120 148 1162 Ita
158 1120 311 1162 faciunt
322 1117 444 1161 sanffl
466 1120 506 1161 in
517 1121 628 1160 coelo
643 1150 656 1172 ‚
674 1116 817 1162 Deum
843 1120 1235 1164 collaudantesinvi·

31 1188 138 1217 cem.

114 1236 135 1257 ‘¹‘
161 1227 489 1273 DCCLXVIII.
520 1227 739 1270 Philomela
758 1231 929 1270 innoxie
951 1231 1151 1271 vitaeavi·

197 1284 298 1337 cula,
309 1294 434 1339 utpote
443 1298 524 1340 quae
536 1283 638 1324 nulli
645 1284 784 1325 damno
795 1283 870 1336 eff,
879 1284 1065 1339 suaviffi-

226 1393 470 1458 LAETARI
501 1350 765 1437 ἔξεὲἒῗὲἒ
793 1394 1041 1440 FACERE.

0 1485 1 1491 ,
81 1450 389 1493 Benefactentes
403 1454 581 1492 laetemur
593 1449 751 1504 semper
762 1463 802 1492 111
815 1449 1024 1493 Domino.

227 1506 256 1534 ’Ψ
285 1505 575 1549 DCCLXIX.
603 1505 823 1546 Philomela
842 1517 1017 1548 cantans.

49 1559 466 1615 TESTATAQUE
495 1560 740 1604 GAUDIA
769 1560 1008 1605 CANTU.
1068 1560 1192 1605 Ovid.

80 1618 126 1659 In
139 1628 306 1660 cantum
325 1630 371 1658 ex
385 1617 476 1659 veta
484 1617 741 1660 conscientiae
753 1617 884 1659 laetitia
906 1631 1031 1672 quam
1044 1618 1095 1661 de
1107 1631 1227 1663 voca·

27 1675 140 1717 tione
163 1672 229 1714 su&
242 1674 355 1714 habet
367 1672 607 1727 Religiosus.

162 1728 183 1752 *
210 1726 477 1771 DCCLXX.
510 1726 728 1769 Philomela
739 1741 812 1766 non
824 1726 894 1766 diu
905 1737 1079 1772 cantans.

115 1840 123 1847 .
225 1783 524 1847 PULCHRE,
551 1782 662 1826 SED
694 1780 834 1826 NON
864 1781 995 1826 D1U.

82 1838 149 1883 sm
161 1840 827 1938 omsslfflgfflfflclljabhilomda
846 1902 1022 1937 cantans.

313 1950 427 1993 PAR
457 1948 694 1994 MU81CA
725 1947 929 1991 FAMAE.

82 2007 128 2050 In
140 2005 420 2048 Excellentem
435 2006 640 2049 Muficum
652 2037 664 2058 ‚
683 2005 801 2048 famae
813 2005 888 2046 suae
900 2002 1227 2059 respondentem.

137 2062 158 2085 ‘¹
188 2060 494 2105 DCCLXXII.
526 2061 746 2103 Philomela
748 2061 828 2117 post
839 2063 946 2100 canti
949 2074 993 2100 ca
996 2059 1120 2115 pullos

543 2121 724 2158 enititur.

276 2171 427 2217 POST
454 2171 733 2271 CANTngx
761 2168 1001 2217 PROLES.
1187 2222 1236 2268 In
