1534 2568
342 125 1089 178 SYMBOLICUS.
1213 134 1304 175 601

169 210 281 266 QUI
317 210 491 255 PRIUS
533 209 841 263 EFFRENIS,
880 209 1050 252 Domini
1079 225 1181 253 nunc
1203 220 1317 266 paret

251 322 290 364 R
293 268 589 363 exlzizsszffhunc
598 334 730 376 equus,
742 319 1023 376 Parthenopolti
1030 335 1184 377 equum.

210 389 239 418 ἢ*
265 389 389 435 ΧΧΙ.
418 388 529 440 Equo
540 392 583 428 in
594 390 702 438 freno
711 387 1051 436 adhucferocienti
1060 388 1215 429 lemma.

400 444 466 487 IN
494 443 703 487 FRENIS
732 443 1028 486 EFFRENIS.

170 501 216 542 In
229 509 486 554 peccatorem
509 500 786 542 calamitatum
806 499 924 541 freno
937 499 1108 541 minime
1122 498 1142 539 ὲ
1153 497 1248 542 Deo
1260 498 1315 540 ci·-

116 567 314 599 curatum.

150 618 292 663 XXII,
322 617 529 659 Gentilitio
540 616 903 673 Lunaeburgicorum
915 619 1154 674 Principum
1165 633 1256 676 equo

302 678 347 715 in
370 674 602 726 numismate
623 673 785 727 quodam
807 674 1036 730 inscriptum
1059 690 1120 715 me

551 728 670 783 legtsse
690 733 872 771 memini.

293 781 467 826 FATIS
497 782 797 826 CONFISUS
826 784 1117 828 AVORUM.

172 838 394 893 Expreffuri
411 839 461 879 fic
484 839 700 892 (uteredo)
722 851 833 881 erant
849 840 1189 895 Principesiidem
1204 873 1216 894 ,
1235 841 1315 884 sese

116 898 267 939 virtutis
279 895 391 935 avitae
404 893 558 948 semper
570 897 737 936 aemulos
750 894 839 937 effe.

171 960 201 989 ’κ
229 958 393 1003 ΧΧΙΙΙ.
422 959 560 1014 Equus
577 959 700 1000 orbem
720 964 897 1001 continuo
915 964 960 1001 in
978 960 1093 1002 Circo
1104 972 1260 1016 percur-

466 1014 576 1054 rendo
596 1015 721 1056 indies
737 1016 945 1069 perfefft'ior.

116 1182 144 1224 st
172 1124 219 1166 In
230 1068 603 1221 Γερεοέείξὲἒΐῖεςί
630 1070 1187 1181 ξιῗξξὲἓὲυἳὲῑῧίξὶυω
1198 1128 1317 1171 Chri-

148 1193 217 1223 um
245 1193 325 1221 clre
367 1194 415 1221 el
447 1191 576 1223 erant.

198 1244 227 1273 ³*
254 1244 420 1287 XXIV.
448 1244 586 1300 Equus
608 1246 995 1302 minoribussclopetti
1019 1251 1083 1302 (ut
1093 1247 1239 1289 milites

518 1302 680 1352 vocant)
698 1303 907 1355 iustruc‘lus.

238 1354 566 1407 ORNATUR,
599 1356 831 1409 QUIBUS
860 1357 1192 1401 ARMATUR.

165 1410 540 1453 Mortificationum
573 1411 609 1451 ἃ
642 1413 885 1464 poenitentiae
913 1426 1026 1455 arma
1064 1427 1148 1456 non
1180 1414 1314 1458 solum

113 1467 293 1508 animam
327 1476 470 1507 contra
491 1466 646 1507 hostem
680 1468 920 1510 infernalem
948 1472 1047 1511 mire
1081 1481 1311 1525 protegunt,

112 1523 176 1585 sed
193 1522 305 1563 fimul
329 1522 452 1563 etiam
473 1523 646 1564 eandem
667 1524 708 1565 in
731 1527 865 1565 oculis
883 1522 965 1566 Dei
988 1525 1210 1580 speciosam
1230 1528 1316 1568 effi-

111 1587 234 1622 cmnt.

256 1638 277 1661 '⁸‘
305 1638 445 1681 XXV.
477 1638 659 1693 Equinus
670 1640 801 1694 pullus
817 1642 994 1694 generosae
1014 1642 1158 1686 indoltk.

254 1693 660 1737 DOCUMENTA
688 1695 943 1740 FUTURI.
1013 1697 1154 1745 Claud,

165 1749 211 1791 In
225 1749 480 1801 juventutem
502 1750 718 1804 specimina
739 1755 852 1804 plura
878 1753 1122 1805 praebentem
1141 1767 1314 1810 genero·

113 1806 246 1847 fitatis.

198 1871 226 1898 ἡ*
254 1869 421 1912 XXVI.
455 1868 565 1921 Equo
587 1872 631 1908 in
653 1872 785 1911 montis
795 1873 1029 1921 summitate
1046 1873 1200 1915 lemma.

278 1924 562 1968 PEGASIUS
592 1924 639 1967 SI
668 1925 961 1977 JUNXERIS
991 1928 1143 1972 ALAS

165 1979 214 2021 In
236 1981 460 2033 quendam,
485 1982 547 2022 cui
570 1981 761 2032 facultas,
785 1993 826 2024 ut
851 1984 1070 2025 studiorum
1092 1985 1311 2028 Moecenas

112 2035 218 2086 esset,
230 2039 377 2086 deerat,
387 2038 520 2078 aderat
532 2046 664 2078 autem
677 2039 724 2078 ad
740 2038 838 2079 illud
851 2040 956 2081 bona
970 2042 1171 2085 voluntas,

220 2101 248 2130 ²*
275 2100 443 2150 XXVI.
472 2100 608 2156 Equus
627 2104 670 2141 in
692 2100 807 2142 Circo
818 2104 889 2154 suo
895 2103 1041 2158 saepius
1059 2105 1199 2159 eosdem

531 2156 630 2197 orbes
647 2156 866 2204 describens.

687 2211 764 2266 Pp
791 2222 819 2267 4
1208 2213 1312 2258 OR-
