1534 2568
298 115 1041 171 SYMBOLICUS.
1168 131 1267 178 437

209 198 296 239 lom}
304 214 359 239 rec
366 196 494 252 effiffit,
506 197 553 236 ab
564 195 686 235 eodem
697 205 833 251 captus,
845 195 1053 235 exoculatus
1064 193 1122 248 est,

326 252 378 298 δέ
389 256 573 307 captivus
584 255 627 290 in
639 250 866 305 Babylonem
878 250 1017 292 dudm.

239 308 432 351 FIDEM
460 305 729 351 SERVARE
757 302 1091 349 MEMENTO.

360 413 716 464 CAPUT
784 413 956 461 CXL.

133 506 1192 576 NABUZARDAN.

5 708 9 709 ⁷
101 648 131 677 ἢ*
158 643 474 690 DCLXXXII.
499 643 774 685 Nabuzardan
797 642 1043 691 arisfocifiyue
1068 639 1225 694 infestus.

289 700 456 742 FOCIS
486 698 781 742 INFESTUS
813 697 893 740 ET
921 696 1068 740 ARIS.

125 758 174 800 In
187 756 391 812 sacrilegia
408 755 617 799 Militaria.
973 778 981 784 -

356 863 712 913 CAPUT
773 863 986 912 CXLI.

246 959 289 1044 J
347 959 394 1019 E
455 960 517 1019 R
576 960 621 1019 E
684 959 757 1018 M
821 960 845 1019 1
912 960 971 1019 A
1034 957 1090 1016 5.

126 1093 147 1116 *
174 1092 509 1137 DCLXXXIII.
531 1093 724 1142 Ieremias
732 1093 985 1149 Prophetiam
986 1094 1103 1145 suam
1117 1096 1220 1135 inci·

210 1153 323 1204 piens
345 1149 471 1188 AAA‚
485 1149 657 1189 Domine
670 1149 768 1189 Deus
779 1165 859 1188 ecce
870 1150 987 1199 nescio
999 1148 1115 1200 loqui.

238 1203 402 1247 SCIRE
430 1203 747 1247 HOMINUM
778 1202 951 1246 NIHIL
980 1202 1101 1245 EST.

133 1257 239 1298 Cum
252 1264 356 1299 enim
367 1262 653 1310 consumaverit
663 1259 766 1298 homo
777 1269 870 1298 tunc
882 1263 1041 1314 incipit.
1082 1256 1189 1300 Eccl.
1208 1269 1273 1314 34.

409 1314 438 1342 ὴὲ
467 1312 804 1356 DCLXXXIV.
832 1313 949 1354 Idem.

128 1366 221 1410 UT
247 1367 450 1411 COELO
480 1369 677 1412 SAPIAS
708 1369 825 1412 UNI
852 1367 971 1410 TIBI
1000 1367 1217 1413 DESIPE.

346 1479 706 1530 CAPUT
773 1480 1019 1529 CXL11.

172 1569 207 1626 S
302 1569 367 1628 U
462 1569 496 1627 S
596 1571 655 1628 A
751 1570 820 1632 N
921 1569 988 1632 N
1092 1571 1173 1630 A.

0 1755 3 1760 .
79 1702 100 1724 '¹‘
125 1700 439 1744 DCLXXXV.
468 1703 642 1754 Susanna
663 1703 859 1757 castiffima
879 1704 1064 1745 adulterii
1083 1705 1273 1755 accusata.

130 1756 325 1799 CASTA
353 1757 603 1810 QUIDEM
617 1757 740 1854 OSE?
768 1759 910 1803 NON
939 1758 1219 1802 CREDITA.

654 1829 699 1853 w
731 1842 741 1853 .

131 1866 185 1961 {Isn
201 1868 353 1907 multos
374 1866 612 1909 innocentes
632 1868 776 1913 finistra
788 1870 1006 1912 hominum
1033 1869 1177 1920 iudicia
1188 1882 1276 1924 per·

79 1934 127 1975 pe
163 1934 224 1962 os.

107 1975 135 2003 '³¹‘
165 1972 498 2018 DCLXXXVI.
523 1977 684 2027 Judices
692 1979 802 2030 senes
821 1983 1033 2020 innocentis
1054 1979 1235 2031 Susannae

160 2033 402 2083 accusatores,
424 2029 589 2071 Daniele
600 2035 684 2087 teste
704 2034 802 2090 Cap.
829 2035 1200 2088 13.declinaverunt

313 2086 431 2125 oculos
441 2087 527 2136 suos
553 2097 596 2126 ut
614 2103 687 2127 non
709 2089 887 2129 viderent
910 2090 1059 2130 coelum.

136 2125 375 2185 COECUS
402 2140 579 2185 INEST
606 2142 784 2254 πὲπιὲὃ
813 2144 1008 2191 AMOR.
1063 2142 1255 2249 Claud'su

680 2212 701 2241 Θ
1256 2215 1278 2250 :⁸
