1534 2568
261 133 359 184 806
616 129 1117 182 APELLES

595 269 953 321 CAPUT
1018 271 1144 321 XV.

306 393 572 456 Mus,
637 367 1418 455 M uso1PuLA.

327 529 659 575 CCLxxxm.
690 528 812 570 Mum·
831 531 877 568 in
899 527 1113 585 muscipula
1131 528 1397 585 comprehense

569 585 677 639 apud
694 585 729 625 V
726 588 900 625 erienum
921 584 1161 635 inscribitur.

483 640 748 685 RAPACES
780 639 985 683 PERIRE
1016 639 1232 691 JUVAT.

314 697 471 741 Fururn
485 698 522 739 ὅ(
534 697 828 750 Tyrannotum
841 708 980 751 poenas
992 697 1185 747 expressas
1199 696 1331 738 habes.

350 762 683 807 CCLXXXIV.
713 761 856 802 Eidem
882 761 937 801 P.
961 760 1157 814 Masenius
1175 759 1374 813 instripstt.

335 817 621 863 LAUTUM
655 817 831 861 NIHIL
859 817 1101 871 ABSQUE
1131 816 1398 861 PERICLO.

308 877 493 920 Pericula
504 877 760 927 voluptatum
772 874 823 915 fic
836 875 1048 926 exprimes,

459 932 480 953 *
511 928 822 973 CCLXXXV.
851 927 1085 983 Muscipulae
1105 927 1262 969 lemma.

282 986 621 1030 INTERIORA
653 984 792 1037 EJUS
821 983 1019 1027 PLENA
1047 982 1221 1029 SUNT
1249 981 1437 1026 DOLO.

312 1045 457 1098 Imago
473 1042 685 1096 hypocritae
697 1040 973 1095 &verfipellis.

338 1106 366 1137 '⁸‘
395 1102 724 1149 CCLXXXVI.
752 1101 851 1143 Mus
864 1105 906 1143 in
928 1098 1146 1155 muscipula*
1163 1098 1207 1140 de
1227 1100 1385 1155 appensi»

659 1158 779 1199 larido
805 1156 864 1197 nil
883 1157 1087 1197 comedens.

624 1213 774 1258 SERO
804 1211 1087 1265 JEJUNAT.

310 1271 619 1316 Damnatorum
641 1272 681 1312 in
696 1271 856 1312 inferno
868 1269 1023 1310 famem
1045 1269 1095 1310 fic
1115 1267 1314 1323 exprimes
1329 1297 1341 1320 ,
1359 1264 1464 1309 uti&

250 1329 437 1385 quamvis
449 1327 572 1369 aliam
594 1321 723 1369 seram
739 1326 1037 1379 poenitentiam.

307 1382 659 1428 CCLXXXVII.
689 1381 834 1422 Eidem
848 1384 956 1420 muri
969 1384 1012 1420 in
1024 1378 1243 1434 muscipula*
1252 1378 1407 1419 lemma.
1484 1411 1491 1425 ,

420 1437 516 1481 SIT
543 1436 833 1480 SPOLIANS
864 1434 1154 1479 SPOLIUM.
1209 1434 1292 1487 Vel,

437 1493 531 1536 UT
562 1492 787 1543 CAPIAS,
813 1490 1061 1534 CAPIERE
1088 1488 1275 1532 PRIUS.

305 1549 450 1603 Imago
463 1562 632 1597 eorum,
659 1550 786 1601 quiex
800 1548 916 1598 hujus
940 1547 1210 1588 mundibonis
1231 1545 1363 1600 inique
1375 1545 1464 1601 pos·

248 1605 365 1655 sessa,
383 1606 422 1646 in
440 1605 612 1658 praedam
625 1603 802 1646 daemoni
815 1603 982 1644 cedunt.

254 1671 283 1700 ’Ψ
313 1669 687 1716 CCLXXXVIII.
717 1668 895 1710 Muribus
908 1671 954 1708 in
964 1667 1107 1719 confilio
1115 1667 1187 1719 suo
1196 1666 1463 1722 statuentibus,

504 1726 575 1771 feli
597 1725 721 1766 nolam
743 1722 1031 1777 appendendam
1054 1723 1211 1764 lemma.

498 1779 795 1835 TENTARE
823 1778 969 1834 QUIS
998 1776 1213 1822 AUSlT?

306 1837 356 1879 In
370 1836 550 1879 Confilia
565 1837 676 1889 supra
685 1838 790 1878 vires
803 1845 968 1878 tentata.

310 1893 493 1935 Confflia
509 1893 587 1935 fine
600 1893 838 1934 executione
854 1892 975 1936 irrita.

315 1947 346 1976 ’Ψ
375 1947 706 1993 CCLXXXIX.
736 1947 877 1989 Mures
885 1944 1090 1999 sblolaridi
1099 1944 1249 1987 attadu
1259 1943 1392 1988 ostiolo
1455 1997 1460 2001 .

537 2002 756 2053 muscipulae
781 2001 936 2043 cadente
958 2006 1179 2057 capiuntur.

514 2058 608 2102 UT
636 2058 858 2109 TETIGI,
895 2057 988 2101 UT
1018 2056 1181 2100 PERII.

305 2113 449 2169 Imago
471 2127 639 2166 eorum,
662 2118 729 2168 qui
741 2114 942 2158 obscoenis
963 2114 1095 2158 carnis
1113 2112 1278 2180 tafflbu‘s
1299 2112 1341 2156 in
1370 2125 1458 2168 gra·

240 2169 352 2215 viora
364 2182 529 2226 peccata
544 2173 745 2218 labuntur.

1356 2222 1459 2266 Mu·
1469 2272 1476 2281 Ι,
