1534 2568
256 94 358 155 '416
619 93 1113 148 APELLES

450 168 744 214 CREDULA
771 171 878 216 RES
907 172 1092 219 AMOR
1118 173 1242 220 EST.

304 225 490 269 Charitas
501 227 645 268 omnia
663 227 802 269 credit.
838 242 876 271 1.
888 228 987 271 Cor.
1004 239 1020 268 1
1031 242 1073 285 3.

632 281 654 305 *
682 281 918 326 DXXXII.
944 284 1065 326 Idem.
1488 300 1491 309 ·

282 334 430 390 QUIS
458 335 731 381 CREDERE
760 338 979 382 POSSET
1009 339 1229 384 AMORI.
1281 341 1404 386 ovid.
1525 344 1532 364 ⁸

293 392 342 433 In
356 392 494 442 fidem,
507 403 624 435 caute
637 395 864 437 habendam
873 396 1032 449 puellis.
1490 396 1506 422 ²³

326 446 348 469 *
376 446 626 492 DXXXIII.
660 449 822 546 Dalilal}
837 450 1023 545 {iromtffis
1042 449 1357 494 Philiffl’norum
1491 506 1495 511 Β
1530 508 1534 530 1

770 521 793 545 α
819 521 837 545 e
875 521 917 547 a·

270 557 589 602 TRAHUNT
616 559 914 605 PROMISSA
943 560 1228 606 PUELLAS.
1286 561 1409 607 ovid.
1492 582 1496 586 ·

302 615 324 638 *
350 614 547 658 DXXXI
555 613 604 657 V.
632 616 786 668 Dalila,
796 616 981 672 promzffis
990 617 1303 660 Philistinorum
1314 633 1392 660 cor-

321 672 1164 771 MUNERAupcff‘fz'nxSsffftssnffAtffllffiT.
1221 727 1346 772 ovid.

355 780 379 804 *
401 779 636 825 DXXXV.
665 783 819 836 Samsbn
830 783 1061 825 mandibula*
1067 785 1165 836 asini
1171 781 1335 839 stragem

786 839 908 880 edens.

418 891 645 945 FUROR,
673 892 853 937 ARMA
883 893 1248 939 MINISTRAT.

268 947 290 971 '¹‘
318 946 580 991 DXXXVI.
602 948 743 990 Dalila
752 965 878 990 amore
886 952 1077 1003 secretum
1081 950 1240 1008 prodens
1249 949 1405 1002 Samfhn

447 1037 451 1041 ,
641 1004 665 1043 ἆ
685 1004 886 1057 Ρῖαἰίιβιειὲ
903 1010 1068 1059 capitur.

429 1057 795 1104 MERETRICIS
825 1060 1057 1104 AMORE.
1109 1060 1250 1102 Horat.

300 1115 348 1156 In
361 1117 527 1178 mul-gos,
536 1116 603 1169 qui
614 1117 781 1170 periere,
798 1113 961 1159 causam
973 1115 1224 1171 praesentibus
1235 1116 1441 1158 amoribus

247 1180 496 1213 meretncns.

272 1228 293 1248 *
326 1224 607 1269 DXXXVII.
634 1224 1416 1281 Samsbninterficiensfiseconcuffioneco-

428 1281 676 1332 lamnarum,
695 1281 719 1322 ἂ
740 1283 797 1323 Ρ.
817 1283 996 1336 Mafinio
1015 1282 1255 1332 inscribitur.

534 1337 872 1382 MORIENDO
903 1337 1152 1382 VICTOR.

299 1393 345 1434 In
368 1392 575 1435 Christum
596 1395 861 1436 morientem.

245 1448 267 1472 *
292 1447 592 1491 DXXXVIII.
621 1448 668 1489 ln
680 1449 993 1489 Armamentario
1004 1448 1116 1502 Reip.
1140 1446 1441 1500 Gedanenfis,in

321 1503 472 1545 Labaro
470 1504 642 1556 fundam
655 1504 920 1557 Davidicam‚
929 1501 1118 1557 adjunlld
1125 1503 1246 1544 eidem
1259 1518 1372 1545 man-

527 1559 664 1600 dibuld
682 1560 778 1610 asini
789 1591 801 1610 ‚
818 1562 1043 1613 inscriptam
1061 1559 1148 1615 legi.

567 1615 733 1659 SATIS
765 1614 1112 1658 ARMORUM.

284 1670 467 1727 Nempe,
480 1684 576 1715 cum
589 1672 741 1715 auxilio
752 1671 849 1723 Dei,
860 1671 1055 1713 facillime
1067 1671 1287 1713 sternantur
1299 1667 1441 1711 hostes.
1520 1651 1534 1694 1¹

563 1802 920 1853 CAPUT
989 1804 1105 1854 CV.

417 1925 453 1985 s
549 1927 609 1986 A
700 1878 780 1987 Μ’
869 1924 958 2019 u
1027 1924 1075 1985 E
1168 1921 1246 1985 L.

297 2070 320 2095 *
348 2070 606 2115 DXXXIX.
639 2071 809 2121 Samuel,
821 2083 874 2114 tot
882 2076 926 2114 in
936 2072 1198 2127 lfraeliticam
1201 2069 1385 2128 populum

430 2131 574 2170 merim
585 2128 750 2183 inclytus
760 2160 772 2183 ‚
794 2129 949 2172 demum
960 2129 1009 2171 ab
1019 2144 1057 2171 eo
1068 2128 1259 2187 rejicitur.

1279 2176 1440 2233 QUID

1522 1818 1534 1861 h
