1534 2568
221 122 324 189 7&
569 122 1065 176 APELLES

512 249 874 301 CAPUT
941 254 1137 304 XVII.

396 371 1234 437 MONACHUS.

273 508 296 533 ‘¹
320 508 568 553 CLXXIX.
599 508 816 563 Monstrum
839 515 1041 552 marinum
1061 511 1239 554 monacho
1243 511 1372 564 simile

435 570 480 607 in
488 566 564 618 solo
580 570 697 615 mari,
723 582 794 606 non
806 567 898 607 aliis
909 567 1060 620 fluviis
1077 573 1208 610 vivit.

522 620 663 664 NON
691 621 808 665 NISI
838 621 904 664 IN
936 623 1120 667 ALTO.

270 676 595 732 Contemplativi
609 679 800 720 monachi
816 680 965 733 imago.

267 733 362 776 Idea
372 747 531 787 quoque
544 734 742 776 ambitiosi
757 733 964 789 Rengiofi.

301 789 328 818 ¹*
356 788 588 831 CLXXX.
614 788 718 829 Idem
732 789 949 830 monstrum
961 789 1189 842 tempestate
1193 788 1335 846 prodit.

315 843 723 889 TEMPESTATE
753 844 1179 888 ATTOLLITUR.
1232 845 1316 898 Vel,

580 900 816 944 SERENO
846 900 1066 944 LATET,

267 956 412 1012 Imago
435 957 615 1000 hominis
629 959 667 1000 in
680 957 847 1000 adverfis
868 959 916 1000 ad
929 957 1072 1000 Deum
1093 987 1104 1008 ‚
1126 968 1252 1010 quem
1273 955 1313 998 in
1328 968 1420 1010 pro·

214 1012 334 1067 speris
349 1016 590 1066 neglexerat,
602 1014 855 1056 recurrentis.

252 1069 273 1092 ⁴¹
304 1068 553 1113 CLXXXI.
584 1069 686 1109 [dem
690 1071 823 1124 piscis,
843 1084 932 1110 cum
945 1067 968 1107 d
982 1071 1114 1109 nautis
1126 1068 1368 1123 conspicitur,

340 1125 585 1180 tempestatis
592 1130 836 1180 praenuntius
849 1124 909 1166 ef}
921 1157 931 1178 ,
952 1125 1073 1176 (unde
1084 1123 1198 1179 vulgi
1207 1121 1300 1163 ada-

387 1184 499 1236 gium
511 1180 591 1231 eff)
617 1180 920 1221 Excurrentibus
941 1178 1140 1222 Monachtss
1152 1179 1243 1235 plu·

639 1241 753 1276 viam
770 1242 989 1277 imminere.

469 1290 647 1334 COELI
677 1291 979 1336 NUNTIAT
1009 1289 1153 1334 IRAS.

274 1347 418 1403 Imago
440 1347 710 1390 Praedicatoris
734 1362 873 1404 poenas
907 1348 1063 1391 divinas
1085 1345 1261 1402 peccatiS
1283 1343 1417 1388 immi-

217 1413 360 1446 nentes
371 1405 659 1446 annuntiantis.

475 1521 520 1569 C
555 1525 598 1572 A
632 1522 754 1572 PU
784 1524 833 1572 T
903 1522 1133 1573 XV111.

448 1641 1186 1706 MURAENA.

325 1777 597 1822 CLXXXII.
628 1779 813 1821 Muraena
832 1778 944 1828 dsole
966 1781 1010 1819 in
1037 1777 1136 1830 dorso
1159 1776 1318 1819 adufla.
1385 1793 1390 1799 ·

342 1835 431 1880 *ET
460 1835 526 1877 IN
556 1834 830 1889 AEQUORE
860 1834 1131 1877 FLAMMA
1161 1833 1287 1879 EST.

267 1890 502 1935 Libidinem
521 1894 676 1934 mundo
690 1892 976 1934 dominantem
989 1893 1085 1932 binc
1097 1889 1222 1932 disce.
1351 1914 1354 1916 -

325 1946 614 1990 CLXXXIII.
644 1947 900 1987 Cameramus
913 1947 1104 1987 Muraenae
1126 1943 1314 1997 inscribit.

408 2002 578 2046 BELLI
606 2003 944 2047 DISCRIMEN
974 1999 1227 2056 UBIQUE·

272 2060 429 2110 Pugnas
443 2073 540 2100 cum
562 2059 926 2111 mundo,carne‚&
940 2058 1161 2112 Daemone,
1177 2052 1424 2110 undiqucju-
1490 2048 1493 2092 ἔ

217 2115 281 2159 stis
293 2128 444 2172 paratas
457 2114 674 2160 Emblcma
685 2118 887 2171 exprimit.

1320 2213 1421 2258 CA·
1488 2263 1490 2271 ,
