<?xml version="1.0" encoding="UTF-8"?>
<!DOCTYPE html PUBLIC "-//W3C//DTD XHTML 1.0 Transitional//EN"
    "http://www.w3.org/TR/xhtml1/DTD/xhtml1-transitional.dtd">
<html xmlns="http://www.w3.org/1999/xhtml" xml:lang="en" lang="en">
 <head>
  <title>
</title>
<meta http-equiv="Content-Type" content="text/html;charset=utf-8" />
  <meta name='ocr-system' content='tesseract 3.04.00' />
  <meta name='ocr-capabilities' content='ocr_page ocr_carea ocr_par ocr_line ocrx_word'/>
</head>
<body>
  <div class='ocr_page' id='page_1' title='image "./joannismichaelis00kett_0142.png"; bbox 0 0 1534 2568; ppageno 0'>
   <div class='ocr_carea' id='block_1_1' title="bbox 259 71 1112 142">
    <p class='ocr_par' dir='ltr' id='par_1_1' title="bbox 259 71 1112 142">
     <span class='ocr_line' id='line_1_1' title="bbox 259 71 1112 142; baseline -0.005 -16"><span class='ocrx_word' id='word_1_1' title='bbox 259 92 351 142; x_wconf 79' lang='lat'>114</span> <span class='ocrx_word' id='word_1_2' title='bbox 634 71 1112 122; x_wconf 85' lang='lat' dir='ltr'><strong>APELLES</strong></span> 
     </span>
    </p>
   </div>
   <div class='ocr_carea' id='block_1_2' title="bbox 250 158 1523 810">
    <p class='ocr_par' dir='ltr' id='par_1_2' title="bbox 258 158 1471 311">
     <span class='ocr_line' id='line_1_2' title="bbox 258 158 1467 217; baseline -0.003 -11"><span class='ocrx_word' id='word_1_3' title='bbox 258 161 346 207; x_wconf 87' lang='lat' dir='ltr'>casu</span> <span class='ocrx_word' id='word_1_4' title='bbox 376 159 601 217; x_wconf 78' lang='lat' dir='ltr'>Martyrem</span> <span class='ocrx_word' id='word_1_5' title='bbox 623 187 636 207; x_wconf 94' lang='lat'><strong>‚</strong></span> <span class='ocrx_word' id='word_1_6' title='bbox 666 173 775 201; x_wconf 90' lang='lat' dir='ltr'>nunc</span> <span class='ocrx_word' id='word_1_7' title='bbox 803 158 977 216; x_wconf 86' lang='lat' dir='ltr'>gloriose&#39;</span> <span class='ocrx_word' id='word_1_8' title='bbox 1013 167 1252 202; x_wconf 86' lang='lat' dir='ltr'>coronatum</span> <span class='ocrx_word' id='word_1_9' title='bbox 1283 160 1333 202; x_wconf 80' lang='lat' dir='ltr'>in</span> <span class='ocrx_word' id='word_1_10' title='bbox 1350 159 1467 202; x_wconf 86' lang='lat' dir='ltr'>coelo.</span> 
     </span>
     <span class='ocr_line' id='line_1_3' title="bbox 266 213 1471 310; baseline -0.003 -50"><span class='ocrx_word' id='word_1_11' title='bbox 266 223 293 250; x_wconf 50' lang='grc' dir='ltr'><strong><em>Χ</em></strong></span> <span class='ocrx_word' id='word_1_12' title='bbox 323 213 645 260; x_wconf 83' lang='lat' dir='ltr'>DCCXXVIH.</span> <span class='ocrx_word' id='word_1_13' title='bbox 673 219 787 258; x_wconf 85' lang='lat' dir='ltr'>Luna</span> <span class='ocrx_word' id='word_1_14' title='bbox 810 218 1036 310; x_wconf 52' lang='lat' dir='ltr'>nurctledrubea</span> <span class='ocrx_word' id='word_1_15' title='bbox 1052 242 1065 262; x_wconf 87' lang='lat'>‚</span> <span class='ocrx_word' id='word_1_16' title='bbox 1089 231 1185 257; x_wconf 86' lang='lat' dir='ltr'>nunc</span> <span class='ocrx_word' id='word_1_17' title='bbox 1201 216 1471 272; x_wconf 76' lang='lat' dir='ltr'>pallida‚nunc</span> 
     </span>
     <span class='ocr_line' id='line_1_4' title="bbox 801 286 970 311; baseline 0.006 -1"><span class='ocrx_word' id='word_1_18' title='bbox 801 286 867 310; x_wconf 77' lang='lat' dir='ltr'>can</span> <span class='ocrx_word' id='word_1_19' title='bbox 897 287 909 309; x_wconf 87' lang='lat'><em>1</em></span> <span class='ocrx_word' id='word_1_20' title='bbox 939 287 970 311; x_wconf 76' lang='lat' dir='ltr'>a·</span> 
     </span>
    </p>

    <p class='ocr_par' dir='ltr' id='par_1_3' title="bbox 449 321 1511 373">
     <span class='ocr_line' id='line_1_5' title="bbox 449 321 1511 373; baseline -0.007 -4"><span class='ocrx_word' id='word_1_21' title='bbox 449 322 669 368; x_wconf 87' lang='lat' dir='ltr'><strong>MUTAT</strong></span> <span class='ocrx_word' id='word_1_22' title='bbox 696 323 923 367; x_wconf 78' lang='lat' dir='ltr'>REGINA</span> <span class='ocrx_word' id='word_1_23' title='bbox 951 321 1266 367; x_wconf 85' lang='lat' dir='ltr'>COLOREM.</span> <span class='ocrx_word' id='word_1_24' title='bbox 1388 372 1391 373; x_wconf 19' lang='lat'><em>⁷</em></span> <span class='ocrx_word' id='word_1_25' title='bbox 1509 370 1511 373; x_wconf 12' lang='grc' dir='ltr'><em>Α</em></span> 
     </span>
    </p>

    <p class='ocr_par' dir='ltr' id='par_1_4' title="bbox 250 375 1523 712">
     <span class='ocr_line' id='line_1_6' title="bbox 321 375 1523 434; baseline 0 -11"><span class='ocrx_word' id='word_1_26' title='bbox 321 382 367 423; x_wconf 93' lang='lat' dir='ltr'>In</span> <span class='ocrx_word' id='word_1_27' title='bbox 388 381 581 423; x_wconf 77' lang='lat' dir='ltr'>instabilis</span> <span class='ocrx_word' id='word_1_28' title='bbox 614 391 721 421; x_wconf 88' lang='lat' dir='ltr'>notae</span> <span class='ocrx_word' id='word_1_29' title='bbox 762 379 978 434; x_wconf 76' lang='lat' dir='ltr'>Reginam.</span> <span class='ocrx_word' id='word_1_30' title='bbox 1036 379 1138 420; x_wconf 86' lang='lat' dir='ltr'>Item</span> <span class='ocrx_word' id='word_1_31' title='bbox 1174 380 1217 420; x_wconf 90' lang='lat' dir='ltr'>in</span> <span class='ocrx_word' id='word_1_32' title='bbox 1249 379 1347 420; x_wconf 86' lang='lat' dir='ltr'>duas</span> <span class='ocrx_word' id='word_1_33' title='bbox 1368 376 1470 423; x_wconf 78' lang='lat' dir='ltr'>filias</span> <span class='ocrx_word' id='word_1_34' title='bbox 1520 375 1523 389; x_wconf 71' lang='lat'>&#39;</span> 
     </span>
     <span class='ocr_line' id='line_1_7' title="bbox 267 434 1471 492; baseline -0.001 -14"><span class='ocrx_word' id='word_1_35' title='bbox 267 435 431 492; x_wconf 83' lang='lat' dir='ltr'>Regum</span> <span class='ocrx_word' id='word_1_36' title='bbox 453 437 605 478; x_wconf 83' lang='lat' dir='ltr'>Sueciae</span> <span class='ocrx_word' id='word_1_37' title='bbox 622 436 801 478; x_wconf 84' lang='lat' dir='ltr'>Stenoris</span> <span class='ocrx_word' id='word_1_38' title='bbox 825 437 959 482; x_wconf 82' lang='lat' dir='ltr'>sture,</span> <span class='ocrx_word' id='word_1_39' title='bbox 992 435 1035 477; x_wconf 83' lang='lat'>&amp;</span> <span class='ocrx_word' id='word_1_40' title='bbox 1057 434 1226 476; x_wconf 83' lang='lat' dir='ltr'>Gustavi</span> <span class='ocrx_word' id='word_1_41' title='bbox 1247 462 1260 482; x_wconf 89' lang='lat'><strong>‚</strong></span> <span class='ocrx_word' id='word_1_42' title='bbox 1282 450 1370 491; x_wconf 88' lang='lat' dir='ltr'>quae</span> <span class='ocrx_word' id='word_1_43' title='bbox 1383 451 1471 478; x_wconf 86' lang='lat' dir='ltr'>mu·</span> 
     </span>
     <span class='ocr_line' id='line_1_8' title="bbox 250 490 1469 547; baseline 0 -14"><span class='ocrx_word' id='word_1_44' title='bbox 250 502 395 533; x_wconf 75' lang='lat' dir='ltr'>‘tantes</span> <span class='ocrx_word' id='word_1_45' title='bbox 415 490 635 546; x_wconf 71' lang='lat' dir='ltr'>Reginales</span> <span class='ocrx_word' id='word_1_46' title='bbox 660 505 852 547; x_wconf 86' lang='lat' dir='ltr'><strong>purpuras</strong></span> <span class='ocrx_word' id='word_1_47' title='bbox 882 519 893 538; x_wconf 92' lang='lat'>‚</span> <span class='ocrx_word' id='word_1_48' title='bbox 940 505 1005 531; x_wconf 88' lang='lat' dir='ltr'>eas</span> <span class='ocrx_word' id='word_1_49' title='bbox 1033 502 1336 544; x_wconf 82' lang='lat' dir='ltr'>commutarunt</span> <span class='ocrx_word' id='word_1_50' title='bbox 1375 506 1469 533; x_wconf 90' lang='lat' dir='ltr'>cum</span> 
     </span>
     <span class='ocr_line' id='line_1_9' title="bbox 268 545 1471 600; baseline 0.001 -12"><span class='ocrx_word' id='word_1_51' title='bbox 268 546 410 588; x_wconf 83' lang='lat' dir='ltr'>habitu</span> <span class='ocrx_word' id='word_1_52' title='bbox 432 547 473 588; x_wconf 87' lang='lat' dir='ltr'>S.</span> <span class='ocrx_word' id='word_1_53' title='bbox 489 545 661 588; x_wconf 87' lang='lat' dir='ltr'>Ordinis</span> <span class='ocrx_word' id='word_1_54' title='bbox 683 546 830 593; x_wconf 88' lang='lat' dir='ltr'>nostri,</span> <span class='ocrx_word' id='word_1_55' title='bbox 861 547 963 587; x_wconf 85' lang='lat' dir='ltr'>acin</span> <span class='ocrx_word' id='word_1_56' title='bbox 981 545 1178 600; x_wconf 85' lang='lat' dir='ltr'>primaevo</span> <span class='ocrx_word' id='word_1_57' title='bbox 1199 545 1369 588; x_wconf 86' lang='lat' dir='ltr'>Ordinis</span> <span class='ocrx_word' id='word_1_58' title='bbox 1396 563 1471 589; x_wconf 88' lang='lat' dir='ltr'>no·</span> 
     </span>
     <span class='ocr_line' id='line_1_10' title="bbox 269 600 1472 655; baseline 0.002 -11"><span class='ocrx_word' id='word_1_59' title='bbox 269 602 338 644; x_wconf 84' lang='lat' dir='ltr'>stri</span> <span class='ocrx_word' id='word_1_60' title='bbox 378 600 628 643; x_wconf 87' lang='lat' dir='ltr'>Monasterio</span> <span class='ocrx_word' id='word_1_61' title='bbox 677 600 1002 643; x_wconf 74' lang='lat' dir='ltr'>Waedxsteenenfi</span> <span class='ocrx_word' id='word_1_62' title='bbox 1048 615 1089 641; x_wconf 81' lang='lat' dir='ltr'>in</span> <span class='ocrx_word' id='word_1_63' title='bbox 1135 602 1275 655; x_wconf 82' lang='lat' dir='ltr'>Suecia</span> <span class='ocrx_word' id='word_1_64' title='bbox 1311 605 1472 651; x_wconf 86' lang='lat' dir='ltr'>velatae,</span> 
     </span>
     <span class='ocr_line' id='line_1_11' title="bbox 269 656 1472 712; baseline 0.002 -13"><span class='ocrx_word' id='word_1_65' title='bbox 269 657 362 699; x_wconf 86' lang='lat' dir='ltr'>Deo</span> <span class='ocrx_word' id='word_1_66' title='bbox 393 656 611 698; x_wconf 85' lang='lat' dir='ltr'>servierunt</span> <span class='ocrx_word' id='word_1_67' title='bbox 636 684 647 703; x_wconf 89' lang='lat'><strong>,</strong></span> <span class='ocrx_word' id='word_1_68' title='bbox 691 671 783 697; x_wconf 89' lang='lat' dir='ltr'>cum</span> <span class='ocrx_word' id='word_1_69' title='bbox 811 656 995 712; x_wconf 87' lang='lat' dir='ltr'>pluribus</span> <span class='ocrx_word' id='word_1_70' title='bbox 1029 656 1114 696; x_wconf 82' lang='lat' dir='ltr'>aliis</span> <span class='ocrx_word' id='word_1_71' title='bbox 1138 657 1328 698; x_wconf 87' lang='lat' dir='ltr'>Virorum</span> <span class='ocrx_word' id='word_1_72' title='bbox 1358 656 1472 701; x_wconf 84' lang='lat' dir='ltr'>Prin-</span> 
     </span>
    </p>

    <p class='ocr_par' dir='ltr' id='par_1_5' title="bbox 271 710 1519 768">
     <span class='ocr_line' id='line_1_12' title="bbox 271 710 1519 768; baseline 0.002 -14"><span class='ocrx_word' id='word_1_73' title='bbox 271 713 409 768; x_wconf 89' lang='lat' dir='ltr'>cipum</span> <span class='ocrx_word' id='word_1_74' title='bbox 447 710 609 754; x_wconf 81' lang='lat' dir='ltr'>filiabus</span> <span class='ocrx_word' id='word_1_75' title='bbox 635 739 647 759; x_wconf 90' lang='lat'>‚</span> <span class='ocrx_word' id='word_1_76' title='bbox 685 725 784 768; x_wconf 80' lang='lat' dir='ltr'>quas</span> <span class='ocrx_word' id='word_1_77' title='bbox 817 712 884 753; x_wconf 88' lang='lat' dir='ltr'>hic</span> <span class='ocrx_word' id='word_1_78' title='bbox 922 725 1066 753; x_wconf 87' lang='lat' dir='ltr'>omnes</span> <span class='ocrx_word' id='word_1_79' title='bbox 1106 726 1344 755; x_wconf 82' lang='lat' dir='ltr'>enumerare</span> <span class='ocrx_word' id='word_1_80' title='bbox 1385 729 1471 756; x_wconf 88' lang='lat' dir='ltr'>non</span> <span class='ocrx_word' id='word_1_81' title='bbox 1515 719 1519 764; x_wconf 77' lang='lat' dir='ltr'>j</span> 
     </span>
    </p>

    <p class='ocr_par' dir='ltr' id='par_1_6' title="bbox 269 770 1518 810">
     <span class='ocr_line' id='line_1_13' title="bbox 269 770 1518 810; baseline -0.002 0"><span class='ocrx_word' id='word_1_82' title='bbox 269 778 394 810; x_wconf 88' lang='lat' dir='ltr'>vacat.</span> <span class='ocrx_word' id='word_1_83' title='bbox 1514 770 1518 783; x_wconf 80' lang='lat'>‘</span> 
     </span>
    </p>
   </div>
   <div class='ocr_carea' id='block_1_3' title="bbox 263 820 1519 2093">
    <p class='ocr_par' dir='ltr' id='par_1_7' title="bbox 263 819 1519 2093">
     <span class='ocr_line' id='line_1_14' title="bbox 272 820 1517 896; baseline 0.002 -32"><span class='ocrx_word' id='word_1_84' title='bbox 272 831 296 853; x_wconf 73' lang='lat'>‘¹&#39;-</span> <span class='ocrx_word' id='word_1_85' title='bbox 343 820 644 864; x_wconf 89' lang='lat' dir='ltr'>DCCXXIX.</span> <span class='ocrx_word' id='word_1_86' title='bbox 675 825 788 863; x_wconf 87' lang='lat' dir='ltr'>Luna</span> <span class='ocrx_word' id='word_1_87' title='bbox 808 821 954 878; x_wconf 76' lang='lat' dir='ltr'>pallida</span> <span class='ocrx_word' id='word_1_88' title='bbox 975 825 1138 877; x_wconf 83' lang='lat' dir='ltr'>pluviam</span> <span class='ocrx_word' id='word_1_89' title='bbox 1169 821 1338 872; x_wconf 71' lang='lat' dir='ltr'>adfbrens</span> <span class='ocrx_word' id='word_1_90' title='bbox 1359 830 1469 876; x_wconf 83' lang='lat' dir='ltr'><em>juxta</em></span> <span class='ocrx_word' id='word_1_91' title='bbox 1514 829 1517 896; x_wconf 41' lang='grc' dir='ltr'><em>ἶ</em></span> 
     </span>
     <span class='ocr_line' id='line_1_15' title="bbox 679 880 1519 932; baseline -0.002 -17"><span class='ocrx_word' id='word_1_92' title='bbox 679 880 863 930; x_wconf 81' lang='lat' dir='ltr'>vulgatum</span> <span class='ocrx_word' id='word_1_93' title='bbox 887 880 1041 928; x_wconf 67' lang='lat' dir='ltr'>vctjsitm.</span> <span class='ocrx_word' id='word_1_94' title='bbox 1514 901 1519 932; x_wconf 11' lang='lat'>5¹</span> 
     </span>
     <span class='ocr_line' id='line_1_16' title="bbox 324 929 1515 988; baseline 0.001 -14"><span class='ocrx_word' id='word_1_95' title='bbox 324 930 479 974; x_wconf 82' lang='lat' dir='ltr'>Pallida</span> <span class='ocrx_word' id='word_1_96' title='bbox 501 929 618 972; x_wconf 86' lang='lat' dir='ltr'>Luna</span> <span class='ocrx_word' id='word_1_97' title='bbox 638 932 760 988; x_wconf 84' lang='lat' dir='ltr'>pluit,</span> <span class='ocrx_word' id='word_1_98' title='bbox 790 931 1011 972; x_wconf 79' lang='lat' dir='ltr'>rubicunda</span> <span class='ocrx_word' id='word_1_99' title='bbox 1038 931 1135 981; x_wconf 79' lang='lat' dir='ltr'>flat,</span> <span class='ocrx_word' id='word_1_100' title='bbox 1167 932 1257 974; x_wconf 84' lang='lat' dir='ltr'>alba</span> <span class='ocrx_word' id='word_1_101' title='bbox 1284 932 1447 975; x_wconf 85' lang='lat' dir='ltr'>serenat.</span> <span class='ocrx_word' id='word_1_102' title='bbox 1512 954 1515 986; x_wconf 76' lang='lat' dir='ltr'>j</span> 
     </span>
     <span class='ocr_line' id='line_1_17' title="bbox 655 984 1514 1040; baseline 0.005 -13"><span class='ocrx_word' id='word_1_103' title='bbox 655 984 896 1028; x_wconf 88' lang='lat' dir='ltr'><strong>PALLIDA</strong></span> <span class='ocrx_word' id='word_1_104' title='bbox 924 984 1112 1029; x_wconf 84' lang='lat' dir='ltr'><strong>PLUIT.</strong></span> <span class='ocrx_word' id='word_1_105' title='bbox 1512 1003 1514 1040; x_wconf 71' lang='grc' dir='ltr'><em>ξ</em></span> 
     </span>
     <span class='ocr_line' id='line_1_18' title="bbox 322 1039 1517 1097; baseline 0.003 -17"><span class='ocrx_word' id='word_1_106' title='bbox 322 1039 370 1081; x_wconf 88' lang='lat' dir='ltr'>In</span> <span class='ocrx_word' id='word_1_107' title='bbox 388 1041 434 1082; x_wconf 92' lang='lat' dir='ltr'>B.</span> <span class='ocrx_word' id='word_1_108' title='bbox 463 1041 673 1097; x_wconf 80' lang='lat' dir='ltr'>Virginem</span> <span class='ocrx_word' id='word_1_109' title='bbox 695 1042 736 1082; x_wconf 89' lang='lat' dir='ltr'>in</span> <span class='ocrx_word' id='word_1_110' title='bbox 765 1053 907 1082; x_wconf 85' lang='lat' dir='ltr'>monte</span> <span class='ocrx_word' id='word_1_111' title='bbox 929 1042 1125 1084; x_wconf 80' lang='lat' dir='ltr'>Calvariae</span> <span class='ocrx_word' id='word_1_112' title='bbox 1147 1043 1199 1085; x_wconf 89' lang='lat' dir='ltr'>de</span> <span class='ocrx_word' id='word_1_113' title='bbox 1224 1043 1474 1085; x_wconf 58' lang='lat' dir='ltr'>acerbiffirn&amp;</span> <span class='ocrx_word' id='word_1_114' title='bbox 1511 1045 1517 1095; x_wconf 75' lang='lat' dir='ltr'>l</span> 
     </span>
     <span class='ocr_line' id='line_1_19' title="bbox 271 1093 1517 1155; baseline 0.003 -19"><span class='ocrx_word' id='word_1_115' title='bbox 271 1093 345 1136; x_wconf 89' lang='lat' dir='ltr'>filii</span> <span class='ocrx_word' id='word_1_116' title='bbox 373 1095 428 1137; x_wconf 90' lang='lat' dir='ltr'>sui</span> <span class='ocrx_word' id='word_1_117' title='bbox 453 1108 584 1138; x_wconf 87' lang='lat' dir='ltr'>morte</span> <span class='ocrx_word' id='word_1_118' title='bbox 608 1097 801 1154; x_wconf 84' lang='lat' dir='ltr'>pallidam</span> <span class='ocrx_word' id='word_1_119' title='bbox 828 1097 871 1139; x_wconf 73' lang='grc' dir='ltr'>ὃ(</span> <span class='ocrx_word' id='word_1_120' title='bbox 893 1095 1121 1138; x_wconf 86' lang='lat' dir='ltr'>dolorosam</span> <span class='ocrx_word' id='word_1_121' title='bbox 1138 1127 1149 1147; x_wconf 91' lang='lat'>,</span> <span class='ocrx_word' id='word_1_122' title='bbox 1221 1099 1355 1139; x_wconf 86' lang='lat' dir='ltr'>uando</span> <span class='ocrx_word' id='word_1_123' title='bbox 1382 1099 1471 1155; x_wconf 89' lang='lat' dir='ltr'>plu-</span> <span class='ocrx_word' id='word_1_124' title='bbox 1509 1123 1517 1148; x_wconf 79' lang='grc'>;-</span> 
     </span>
     <span class='ocr_line' id='line_1_20' title="bbox 266 1113 1514 1209; baseline 0.005 -18"><span class='ocrx_word' id='word_1_125' title='bbox 266 1151 396 1191; x_wconf 84' lang='lat' dir='ltr'>rimos</span> <span class='ocrx_word' id='word_1_126' title='bbox 420 1150 885 1206; x_wconf 81' lang='lat' dir='ltr'>lachrymarumimbres</span> <span class='ocrx_word' id='word_1_127' title='bbox 901 1151 1026 1209; x_wconf 83' lang='lat' dir='ltr'>ipsam</span> <span class='ocrx_word' id='word_1_128' title='bbox 1049 1113 1238 1195; x_wconf 60' lang='lat' dir='ltr'>effudiH&#39;e</span> <span class='ocrx_word' id='word_1_129' title='bbox 1260 1153 1411 1196; x_wconf 84' lang='lat' dir='ltr'>constat</span> <span class='ocrx_word' id='word_1_130' title='bbox 1423 1170 1473 1197; x_wconf 85' lang='lat' dir='ltr'>ex</span> <span class='ocrx_word' id='word_1_131' title='bbox 1509 1168 1514 1198; x_wconf 77' lang='lat'>,¹</span> 
     </span>
     <span class='ocr_line' id='line_1_21' title="bbox 268 1203 1511 1264; baseline 0.007 -17"><span class='ocrx_word' id='word_1_132' title='bbox 268 1203 608 1248; x_wconf 87' lang='lat' dir='ltr'>Revelarionibus</span> <span class='ocrx_word' id='word_1_133' title='bbox 622 1208 663 1249; x_wconf 86' lang='lat' dir='ltr'>S.</span> <span class='ocrx_word' id='word_1_134' title='bbox 675 1207 863 1264; x_wconf 72' lang='lat' dir='ltr'>Birgittae.</span> <span class='ocrx_word' id='word_1_135' title='bbox 1068 1248 1085 1256; x_wconf 31' lang='lat' dir='ltr'><strong><em>d</em></strong></span> <span class='ocrx_word' id='word_1_136' title='bbox 1509 1222 1511 1256; x_wconf 61' lang='grc' dir='ltr'><strong>ἓ</strong></span> 
     </span>
     <span class='ocr_line' id='line_1_22' title="bbox 269 1259 1510 1321; baseline 0.005 -20"><span class='ocrx_word' id='word_1_137' title='bbox 269 1270 288 1292; x_wconf 80' lang='grc'><strong><em>*</em></strong></span> <span class='ocrx_word' id='word_1_138' title='bbox 316 1259 593 1303; x_wconf 87' lang='lat' dir='ltr'>DCCXXX.</span> <span class='ocrx_word' id='word_1_139' title='bbox 623 1267 734 1305; x_wconf 84' lang='lat' dir='ltr'>Luna</span> <span class='ocrx_word' id='word_1_140' title='bbox 758 1263 947 1309; x_wconf 81' lang='lat' dir='ltr'>occidens,</span> <span class='ocrx_word' id='word_1_141' title='bbox 968 1261 1048 1313; x_wconf 75' lang='lat' dir='ltr'>sive</span> <span class='ocrx_word' id='word_1_142' title='bbox 1079 1268 1163 1306; x_wconf 81' lang='lat' dir='ltr'>coelo</span> <span class='ocrx_word' id='word_1_143' title='bbox 1184 1265 1394 1321; x_wconf 73' lang='lat' dir='ltr'>disparens,</span> <span class='ocrx_word' id='word_1_144' title='bbox 1423 1266 1474 1307; x_wconf 77' lang='lat' dir='ltr'>ad</span> <span class='ocrx_word' id='word_1_145' title='bbox 1508 1295 1510 1311; x_wconf 62' lang='lat'>2</span> 
     </span>
     <span class='ocr_line' id='line_1_23' title="bbox 747 1319 1509 1368; baseline -0.003 -10"><span class='ocrx_word' id='word_1_146' title='bbox 747 1329 906 1358; x_wconf 80' lang='lat' dir='ltr'>exortum</span> <span class='ocrx_word' id='word_1_147' title='bbox 917 1319 1048 1368; x_wconf 84' lang='lat' dir='ltr'>solem.</span> <span class='ocrx_word' id='word_1_148' title='bbox 1508 1335 1509 1356; x_wconf 65' lang='lat'>2</span> 
     </span>
     <span class='ocr_line' id='line_1_24' title="bbox 549 1369 1509 1426; baseline 0.002 -15"><span class='ocrx_word' id='word_1_149' title='bbox 549 1369 739 1414; x_wconf 78' lang='lat' dir='ltr'><strong>FUGIT</strong></span> <span class='ocrx_word' id='word_1_150' title='bbox 767 1372 842 1412; x_wconf 81' lang='lat' dir='ltr'>AD</span> <span class='ocrx_word' id='word_1_151' title='bbox 862 1371 1204 1414; x_wconf 79' lang='lat' dir='ltr'><strong>EXORTUM.</strong></span> <span class='ocrx_word' id='word_1_152' title='bbox 1249 1380 1255 1386; x_wconf 88' lang='grc'>’</span> <span class='ocrx_word' id='word_1_153' title='bbox 1506 1374 1509 1426; x_wconf 64' lang='lat' dir='ltr'>f</span> 
     </span>
     <span class='ocr_line' id='line_1_25' title="bbox 318 1425 1508 1487; baseline 0.004 -21"><span class='ocrx_word' id='word_1_154' title='bbox 318 1425 384 1467; x_wconf 83' lang='lat' dir='ltr'>Ad</span> <span class='ocrx_word' id='word_1_155' title='bbox 409 1436 596 1467; x_wconf 84' lang='lat' dir='ltr'>exortum</span> <span class='ocrx_word' id='word_1_156' title='bbox 617 1427 658 1466; x_wconf 87' lang='lat' dir='ltr'>in</span> <span class='ocrx_word' id='word_1_157' title='bbox 680 1428 814 1468; x_wconf 83' lang='lat' dir='ltr'>anima</span> <span class='ocrx_word' id='word_1_158' title='bbox 838 1426 971 1468; x_wconf 84' lang='lat' dir='ltr'>nostra</span> <span class='ocrx_word' id='word_1_159' title='bbox 992 1428 1132 1470; x_wconf 84' lang='lat' dir='ltr'>Solem</span> <span class='ocrx_word' id='word_1_160' title='bbox 1147 1428 1293 1471; x_wconf 86' lang='lat' dir='ltr'>divinae</span> <span class='ocrx_word' id='word_1_161' title='bbox 1312 1431 1445 1487; x_wconf 80' lang='lat' dir='ltr'>gratiae</span> <span class='ocrx_word' id='word_1_162' title='bbox 1459 1459 1471 1479; x_wconf 91' lang='lat'>‚</span> <span class='ocrx_word' id='word_1_163' title='bbox 1506 1469 1508 1485; x_wconf 73' lang='lat'>‚</span> 
     </span>
     <span class='ocr_line' id='line_1_26' title="bbox 267 1479 1507 1534; baseline 0.003 -11"><span class='ocrx_word' id='word_1_164' title='bbox 267 1479 371 1534; x_wconf 76' lang='lat' dir='ltr'>sugit</span> <span class='ocrx_word' id='word_1_165' title='bbox 391 1484 526 1522; x_wconf 88' lang='lat' dir='ltr'>omnis</span> <span class='ocrx_word' id='word_1_166' title='bbox 543 1483 564 1521; x_wconf 71' lang='grc' dir='ltr'>εὶ</span> <span class='ocrx_word' id='word_1_167' title='bbox 583 1482 699 1523; x_wconf 89' lang='lat' dir='ltr'>nobis</span> <span class='ocrx_word' id='word_1_168' title='bbox 721 1483 996 1525; x_wconf 76' lang='lat' dir='ltr'>inconstantia.</span> <span class='ocrx_word' id='word_1_169' title='bbox 1504 1496 1507 1531; x_wconf 78' lang='lat' dir='ltr'>j</span> 
     </span>
     <span class='ocr_line' id='line_1_27' title="bbox 268 1533 1507 1594; baseline 0.002 -16"><span class='ocrx_word' id='word_1_170' title='bbox 268 1540 286 1561; x_wconf 80' lang='lat'><strong>*</strong></span> <span class='ocrx_word' id='word_1_171' title='bbox 313 1533 608 1580; x_wconf 90' lang='lat' dir='ltr'>DCCXXXI.</span> <span class='ocrx_word' id='word_1_172' title='bbox 640 1541 751 1579; x_wconf 84' lang='lat' dir='ltr'>Luna</span> <span class='ocrx_word' id='word_1_173' title='bbox 762 1554 830 1594; x_wconf 83' lang='lat' dir='ltr'>quo</span> <span class='ocrx_word' id='word_1_174' title='bbox 836 1541 923 1594; x_wconf 86' lang='lat' dir='ltr'>plus</span> <span class='ocrx_word' id='word_1_175' title='bbox 925 1541 1040 1591; x_wconf 77' lang='lat' dir='ltr'>solem</span> <span class='ocrx_word' id='word_1_176' title='bbox 1054 1538 1193 1580; x_wconf 80' lang='lat' dir='ltr'>devitat</span> <span class='ocrx_word' id='word_1_177' title='bbox 1206 1542 1294 1581; x_wconf 82' lang='lat' dir='ltr'>abeo</span> <span class='ocrx_word' id='word_1_178' title='bbox 1306 1541 1470 1582; x_wconf 78' lang='lat' dir='ltr'>receden-</span> <span class='ocrx_word' id='word_1_179' title='bbox 1504 1537 1507 1559; x_wconf 73' lang='lat'><em>³</em></span> 
     </span>
     <span class='ocr_line' id='line_1_28' title="bbox 571 1592 1505 1647; baseline 0.005 -16"><span class='ocrx_word' id='word_1_180' title='bbox 571 1592 638 1638; x_wconf 82' lang='lat' dir='ltr'>do,</span> <span class='ocrx_word' id='word_1_181' title='bbox 673 1608 742 1646; x_wconf 86' lang='lat' dir='ltr'>quo</span> <span class='ocrx_word' id='word_1_182' title='bbox 753 1599 867 1646; x_wconf 82' lang='lat' dir='ltr'>magis</span> <span class='ocrx_word' id='word_1_183' title='bbox 881 1594 1082 1647; x_wconf 79' lang='lat' dir='ltr'>splendida</span> <span class='ocrx_word' id='word_1_184' title='bbox 1100 1596 1157 1646; x_wconf 75' lang='lat' dir='ltr'>est.</span> <span class='ocrx_word' id='word_1_185' title='bbox 1503 1595 1505 1614; x_wconf 69' lang='lat'><em>³</em></span> 
     </span>
     <span class='ocr_line' id='line_1_29' title="bbox 321 1644 1431 1744; baseline 0.003 -57"><span class='ocrx_word' id='word_1_186' title='bbox 321 1644 701 1689; x_wconf 84' lang='lat' dir='ltr'>SPLENDET</span> <span class='ocrx_word' id='word_1_187' title='bbox 729 1676 740 1695; x_wconf 94' lang='lat'>,</span> <span class='ocrx_word' id='word_1_188' title='bbox 789 1646 1300 1744; x_wconf 77' lang='lat' dir='ltr'><strong>SIESPLENDIDA</strong></span> <span class='ocrx_word' id='word_1_189' title='bbox 1335 1650 1431 1693; x_wconf 90' lang='lat' dir='ltr'>VI-</span> 
     </span>
     <span class='ocr_line' id='line_1_30' title="bbox 263 1751 1507 1853; baseline 0.006 -57"><span class='ocrx_word' id='word_1_190' title='bbox 263 1809 294 1853; x_wconf 75' lang='grc' dir='ltr'>Ρ</span> <span class='ocrx_word' id='word_1_191' title='bbox 320 1751 366 1797; x_wconf 89' lang='lat' dir='ltr'>In</span> <span class='ocrx_word' id='word_1_192' title='bbox 394 1755 649 1799; x_wconf 83' lang='lat' dir='ltr'>solitudinem</span> <span class='ocrx_word' id='word_1_193' title='bbox 670 1758 928 1814; x_wconf 85' lang='lat' dir='ltr'>Virginalern.</span> <span class='ocrx_word' id='word_1_194' title='bbox 985 1757 1092 1800; x_wconf 81' lang='lat' dir='ltr'>Audi</span> <span class='ocrx_word' id='word_1_195' title='bbox 1108 1760 1472 1818; x_wconf 82' lang='lat' dir='ltr'>Ingeniofiffimum</span> <span class='ocrx_word' id='word_1_196' title='bbox 1506 1796 1507 1802; x_wconf 68' lang='grc'>,</span> 
     </span>
     <span class='ocr_line' id='line_1_31' title="bbox 297 1825 879 1858; baseline 0.01 -6"><span class='ocrx_word' id='word_1_197' title='bbox 297 1825 442 1853; x_wconf 85' lang='lat' dir='ltr'>oetam.</span> <span class='ocrx_word' id='word_1_198' title='bbox 874 1848 879 1858; x_wconf 84' lang='lat'>.</span> 
     </span>
     <span class='ocr_line' id='line_1_32' title="bbox 265 1866 1384 1927; baseline 0.006 -19"><span class='ocrx_word' id='word_1_199' title='bbox 265 1866 367 1908; x_wconf 85' lang='lat' dir='ltr'>Haec</span> <span class='ocrx_word' id='word_1_200' title='bbox 391 1866 532 1924; x_wconf 88' lang='lat' dir='ltr'>procul</span> <span class='ocrx_word' id='word_1_201' title='bbox 558 1867 581 1908; x_wconf 67' lang='lat' dir='ltr'>:i</span> <span class='ocrx_word' id='word_1_202' title='bbox 611 1866 767 1910; x_wconf 78' lang='lat' dir='ltr'>Phoebo</span> <span class='ocrx_word' id='word_1_203' title='bbox 789 1870 912 1925; x_wconf 86' lang='lat' dir='ltr'>pleno</span> <span class='ocrx_word' id='word_1_204' title='bbox 938 1869 1058 1912; x_wconf 77' lang='lat' dir='ltr'>micat</span> <span class='ocrx_word' id='word_1_205' title='bbox 1081 1871 1234 1927; x_wconf 82' lang='lat' dir='ltr'>integra</span> <span class='ocrx_word' id='word_1_206' title='bbox 1255 1872 1384 1918; x_wconf 80' lang='lat' dir='ltr'>vultu3</span> 
     </span>
     <span class='ocr_line' id='line_1_33' title="bbox 318 1920 1231 1981; baseline 0.004 -19"><span class='ocrx_word' id='word_1_207' title='bbox 318 1923 371 1963; x_wconf 88' lang='lat' dir='ltr'>At</span> <span class='ocrx_word' id='word_1_208' title='bbox 392 1922 560 1979; x_wconf 87' lang='lat' dir='ltr'>propior</span> <span class='ocrx_word' id='word_1_209' title='bbox 577 1920 734 1965; x_wconf 83' lang='lat' dir='ltr'>Phoebo</span> <span class='ocrx_word' id='word_1_210' title='bbox 749 1953 760 1972; x_wconf 87' lang='lat'>‚</span> <span class='ocrx_word' id='word_1_211' title='bbox 791 1939 944 1966; x_wconf 88' lang='lat' dir='ltr'>cornua</span> <span class='ocrx_word' id='word_1_212' title='bbox 965 1924 1100 1967; x_wconf 80' lang='lat' dir='ltr'>fronte</span> <span class='ocrx_word' id='word_1_213' title='bbox 1118 1927 1231 1981; x_wconf 84' lang='lat' dir='ltr'>gerit.</span> 
     </span>
     <span class='ocr_line' id='line_1_34' title="bbox 266 1975 1410 2038; baseline 0.003 -20"><span class='ocrx_word' id='word_1_214' title='bbox 266 1976 499 2031; x_wconf 76' lang='lat' dir='ltr'>Virginibus</span> <span class='ocrx_word' id='word_1_215' title='bbox 511 1975 713 2033; x_wconf 85' lang='lat' dir='ltr'>speculum</span> <span class='ocrx_word' id='word_1_216' title='bbox 731 1996 740 2020; x_wconf 73' lang='lat' dir='ltr'><strong><em>z</em></strong></span> <span class='ocrx_word' id='word_1_217' title='bbox 772 1978 984 2035; x_wconf 85' lang='lat' dir='ltr'>splendent</span> <span class='ocrx_word' id='word_1_218' title='bbox 1002 1978 1031 2023; x_wconf 88' lang='lat' dir='ltr'>fi</span> <span class='ocrx_word' id='word_1_219' title='bbox 1049 1981 1255 2038; x_wconf 85' lang='lat' dir='ltr'>splendida</span> <span class='ocrx_word' id='word_1_220' title='bbox 1271 1982 1410 2030; x_wconf 82' lang='lat' dir='ltr'>vitent,</span> 
     </span>
     <span class='ocr_line' id='line_1_35' title="bbox 317 2032 1184 2093; baseline 0.003 -19"><span class='ocrx_word' id='word_1_221' title='bbox 317 2033 360 2074; x_wconf 89' lang='lat' dir='ltr'>Si</span> <span class='ocrx_word' id='word_1_222' title='bbox 373 2032 470 2072; x_wconf 83' lang='lat' dir='ltr'>dant</span> <span class='ocrx_word' id='word_1_223' title='bbox 491 2032 527 2073; x_wconf 87' lang='lat' dir='ltr'>se</span> <span class='ocrx_word' id='word_1_224' title='bbox 547 2034 589 2073; x_wconf 89' lang='lat' dir='ltr'>in</span> <span class='ocrx_word' id='word_1_225' title='bbox 615 2035 744 2075; x_wconf 89' lang='lat' dir='ltr'>lucem</span> <span class='ocrx_word' id='word_1_226' title='bbox 763 2063 774 2082; x_wconf 91' lang='lat'>‚</span> <span class='ocrx_word' id='word_1_227' title='bbox 804 2035 944 2078; x_wconf 87' lang='lat' dir='ltr'>deficit</span> <span class='ocrx_word' id='word_1_228' title='bbox 969 2037 1184 2093; x_wconf 82' lang='lat' dir='ltr'>integritas.</span> 
     </span>
    </p>
   </div>
   <div class='ocr_carea' id='block_1_4' title="bbox 263 2086 1499 2245">
    <p class='ocr_par' dir='ltr' id='par_1_8' title="bbox 263 2086 1499 2245">
     <span class='ocr_line' id='line_1_36' title="bbox 263 2086 1464 2186; baseline 0.002 -56"><span class='ocrx_word' id='word_1_229' title='bbox 263 2095 289 2120; x_wconf 50' lang='grc' dir='ltr'>’ἓ</span> <span class='ocrx_word' id='word_1_230' title='bbox 321 2086 638 2131; x_wconf 79' lang='lat' dir='ltr'><strong>DCCXX-XH.</strong></span> <span class='ocrx_word' id='word_1_231' title='bbox 680 2095 792 2133; x_wconf 86' lang='lat' dir='ltr'>Luna</span> <span class='ocrx_word' id='word_1_232' title='bbox 811 2093 1005 2186; x_wconf 49' lang='lat' dir='ltr'>bmgiiffi‘mo</span> <span class='ocrx_word' id='word_1_233' title='bbox 1027 2103 1178 2148; x_wconf 77' lang='lat' dir='ltr'>tempore</span> <span class='ocrx_word' id='word_1_234' title='bbox 1187 2094 1392 2151; x_wconf 68' lang='lat' dir='ltr'>splendens</span> <span class='ocrx_word' id='word_1_235' title='bbox 1419 2091 1464 2132; x_wconf 79' lang='lat' dir='ltr'>de</span> 
     </span>
     <span class='ocr_line' id='line_1_37' title="bbox 810 2162 916 2189; baseline 0.009 -4"><span class='ocrx_word' id='word_1_236' title='bbox 810 2162 852 2185; x_wconf 86' lang='lat' dir='ltr'>no</span> <span class='ocrx_word' id='word_1_237' title='bbox 887 2163 916 2189; x_wconf 83' lang='lat' dir='ltr'>e.</span> 
     </span>
     <span class='ocr_line' id='line_1_38' title="bbox 1345 2198 1499 2245; baseline 0.026 -4"><span class='ocrx_word' id='word_1_238' title='bbox 1345 2198 1456 2242; x_wconf 82' lang='grc' dir='ltr'>ΝΟ·</span> <span class='ocrx_word' id='word_1_239' title='bbox 1495 2223 1499 2245; x_wconf 61' lang='grc' dir='ltr'><strong>ι</strong></span> 
     </span>
    </p>
   </div>
   <div class='ocr_carea' id='block_1_5' title="bbox 1496 2068 1503 2139">
    <p class='ocr_par' dir='ltr' id='par_1_9' title="bbox 1496 2068 1503 2139">
     <span class='ocr_line' id='line_1_39' title="bbox 1496 2068 1503 2139; textangle 90"><span class='ocrx_word' id='word_1_240' title='bbox 1496 2068 1503 2139; x_wconf 52' lang='lat' dir='ltr'>w·—</span> 
     </span>
    </p>
   </div>
   <div class='ocr_carea' id='block_1_6' title="bbox 1492 1569 1507 2522">
    <p class='ocr_par' dir='ltr' id='par_1_10' title="bbox 1492 1569 1507 2522">
     <span class='ocr_line' id='line_1_40' title="bbox 1492 1569 1507 2522; baseline 0 0"><span class='ocrx_word' id='word_1_241' title='bbox 1492 1569 1507 2522; x_wconf 95' lang='lat' dir='ltr'> </span> 
     </span>
    </p>
   </div>
   <div class='ocr_carea' id='block_1_7' title="bbox 1517 0 1534 2568">
    <p class='ocr_par' dir='ltr' id='par_1_11' title="bbox 1517 0 1534 2568">
     <span class='ocr_line' id='line_1_41' title="bbox 1517 0 1534 2568; baseline 0 0"><span class='ocrx_word' id='word_1_242' title='bbox 1517 0 1534 2568; x_wconf 95' lang='lat' dir='ltr'> </span> 
     </span>
    </p>
   </div>
  </div>
 </body>
</html>
