1534 2568
227 130 328 176 7½
574 108 1069 169 APELLES

440 188 624 232 CLXV.
654 188 876 242 Delphinus
895 191 1016 231 Leoni
1036 193 1206 241 iunc‘lus.

418 244 560 288 NON
590 244 763 287 MALE
792 245 1233 291 CONVENIUNT.

265 300 596 345 LUDOVICO
625 300 983 400 ΧΙὲΟεὲῙΞξΜ
1012 301 1159 347 CUM
1186 303 1390 348 BELGIS

406 410 603 454 CLXVI.
639 410 859 467 Delphinus
879 418 923 452 in
937 415 1068 463 somno
1087 423 1238 455 natans.

356 467 568 510 AGILES
597 467 987 522 NOCTESQUE,
1014 467 1288 523 DIESQUE.

267 521 599 566 LUDOVICO
627 523 748 566 XIV.
780 523 846 566 IN
876 523 1136 566 AGENDO
1165 523 1360 567 VIGILI.

271 580 415 635 Imago
440 580 636 635 Prinpris
658 579 723 622 seu
738 580 914 623 Ministri
934 579 1345 637 circumspefflatque
1367 579 1420 622 vi-
1506 615 1511 622 ,

242 634 316 677 ilis.

212 647 239 692 g
400 690 621 734 CLXVII.
651 690 871 744 Delphinus
890 689 1075 731 Arionem
1092 692 1234 742 serem.

348 746 438 790 SIC
469 745 664 789 VATES
694 745 1043 789 DELPHINUS
1072 746 1273 789 AMAT.

261 800 593 846 LUDOVICO
622 802 743 849 XIV.
771 802 1025 845 ARTIUM
1057 802 1090 844 F
1094 800 1349 845 AUTORI.

325 857 572 901 CLXVIII.
603 858 823 913 Delphinus
845 858 1088 897 Crocodilum
1110 860 1318 910 insecutus.

282 912 588 958 CRUENTA
619 912 964 957 ARDEBUNT
993 913 1111 956 HOS
1140 912 1333 957 INTER

562 969 796 1013 PRAELIA
825 968 1074 1011 SEMPER.

261 1023 593 1068 LUDOVICO
620 1026 739 1069 XIV.
771 1023 1131 1123 Ι-ἑῐξξῖΞΤΙΟΟΞ
1160 1022 1353 1068 PERSE-

264 1135 361 1178 Idea
370 1136 563 1191 Principis
576 1138 669 1179 fidei
681 1136 916 1178 defensoris.

207 1192 417 1237 CLXIX.
446 1193 589 1233 Auaor
602 1194 924 1247 peristromatum
937 1192 1053 1249 Regis
1067 1191 1206 1233 Galliae
1227 1187 1417 1246 Delphina
1437 1191 1447 1196 ”

343 1253 476 1287 omnia
499 1248 674 1289 monstra
696 1252 853 1288 marina
872 1249 1061 1303 [abigenti
1083 1248 1266 1295 inscribit.

343 1302 527 1346 HUNC
554 1303 634 1347 ET
663 1303 970 1347 MONSTRA
998 1301 1263 1345 TIMENT.

259 1357 518 1412 Exprimcbat
531 1359 654 1414 Regis
666 1361 722 1402 sui
737 1360 1131 1412 magnanimitatem,
1152 1358 1227 1411 qua
1241 1357 1410 1404 nullam.

202 1415 389 1469 quamvis
411 1416 679 1457 monstrosam
703 1426 929 1469 potenttam
953 1417 1070 1456 timet
1092 1446 1104 1466 ‚
1123 1413 1202 1468 ipse
1227 1412 1249 1454 ὲ
1272 1423 1414 1454 contra

204 1471 346 1514 terrori
358 1471 563 1514 omnibus,

294 1528 315 1549 ‘⁸
342 1525 522 1568 CLXX.
554 1523 772 1578 Delphinus
784 1527 961 1578 juniores
980 1524 1062 1572 suos
1079 1523 1302 1574 praecedens⁸

446 1580 802 1623 PRAEEUNDO
831 1579 1135 1622 DOCENTU
1144 1579 1193 1622 R.

259 1639 309 1682 In
319 1638 543 1679 efficaciam
558 1637 855 1690 Exemplorum
866 1646 1142 1690 paternorum.

372 1692 393 1714 *
423 1691 628 1736 CLXXI.
658 1690 876 1746 Delphinus
897 1696 940 1730 in
956 1695 1068 1743 aquis
1089 1688 1234 1729 ludens.

349 1748 559 1791 MEDIIS
591 1745 914 1792 ANIMOSUS
944 1746 1011 1788 IN
1040 1742 1249 1789 UNDIS.

255 1803 404 1859 Imago
417 1805 550 1845 hilaris
564 1805 664 1845 inter
677 1804 842 1845 adversa
854 1803 997 1845 animi.

204 1859 429 1904 CLXXII.
459 1858 680 1914 Delphinus
690 1874 727 1899 os
747 1859 935 1900 occultum
946 1857 1085 1898 habens
1105 1860 1148 1897 in
1160 1853 1410 1897 Lubomiria-

394 1930 440 1954 no
453 1925 567 1970 prope
580 1918 621 1954 V
617 1915 816 1964 arsaviam
829 1915 958 1954 balneo
970 1915 1207 1961 inscribitur.

200 1970 445 2016 MAGNIS
483 1969 763 2012 MORSUM
805 1969 1075 2013 NATURA
1112 1959 1404 2011 NEGAVIT.

254 2027 492 2069 Clementia
502 2029 563 2067 vel
577 2026 755 2068 maximi:
769 2028 886 2068 decet
898 2026 1115 2079 Principe8‚
1128 2025 1313 2066 Praelatos
1325 2018 1403 2060 διο.

253 2082 278 2131 .*
307 2080 552 2126 CLXXIII,
584 2080 1036 2139 Delphinisz‘ngulariter
1054 2090 1190 2120 amant
1203 2089 1355 2135 pueros,

456 2137 502 2178 de
523 2152 594 2195 quo
613 2141 736 2180 varia
753 2138 849 2181 vide
869 2141 915 2180 in
934 2135 1151 2179 Berchorto.
1320 2191 1388 2235 IN
