1534 2568
271 91 366 175 s&
620 115 1118 165 APELLEs

324 196 467 249 Imago
477 194 700 251 cujusdam,
711 209 835 251 quem
847 197 1056 240 adverfitas
1069 208 1162 253 erga
1172 209 1361 253 pauperes
1373 199 1469 242 libe·
1532 184 1534 238 J

268 252 396 294 talem
407 252 570 295 fecerat.

320 316 578 362 DXXXVI.
608 318 703 358 Vino
714 321 972 368 fermentanti
982 318 1216 375 Chovaynus
1225 322 1415 370 inscribit.

518 373 788 418 SPIRITUS
815 374 1008 419 INTUS
1038 374 1199 419 ALIT.

325 425 469 483 Imago
480 429 659 471 hominis
670 429 817 483 Spiritu
829 430 1037 485 S·replcti.
1355 471 1357 473 ,

318 492 599 539 DXXXVII.
627 494 684 539 P.
695 495 828 547 Hefius
846 500 989 547 vitem,
998 495 1192 552 sepultam
1211 496 1415 543 anchoram

337 550 1373 661 Nssc‘i'sssu'fssssssffffi‘cssfi'il'ss‘ssfflffii'mm

317 658 553 703 Efficaciam
577 662 655 716 spei
679 663 719 704 in
740 662 824 716 ipso
847 663 972 707 etiam
985 663 1127 705 mortis
1150 665 1322 706 articulo
1343 664 1464 707 lnhae-

262 726 436 766 rentem,
449 716 665 760 Emblema
676 719 876 772 exprimit.

291 782 314 806 ¹¹⁸
340 782 634 828 DXXXVIH.
668 785 755 825 Viti
763 788 910 825 vinum
920 783 975 825 ad
991 783 1287 827 Eucharifficas
1296 788 1440 842 species

648 838 873 893 producenti
887 840 1040 884 lemma.

310 892 391 936 ET
422 893 589 946 VITA,
622 894 705 937 ET
734 894 963 938 VIRTUS
991 894 1068 938 AB
1097 895 1246 940 INDE
1275 895 1399 941 EST.

585 950 657 992 vel
673 960 717 990 ut
736 950 789 991 P.
810 950 990 1002 Mafi’nio
1005 951 1141 1003 placet.

436 1039 439 1043 s
640 1005 709 1049 IN
736 1005 880 1048 VITE
909 1005 1070 1049 VITA.

307 1057 454 1115 Imago
466 1060 537 1104 SS.
547 1059 814 1105 Eucharistiae.

326 1122 348 1145 *
373 1122 638 1167 DXXXIX.
670 1127 776 1165 Vitis
797 1124 936 1165 cultori
948 1124 1020 1174 suo
1040 1125 1187 1165 vinum
1204 1127 1384 1179 praebens.

455 1178 752 1231 CULTOR1‚
779 1178 1092 1222 OFFICIOSA
1123 1179 1263 1223 SUO.

310 1232 456 1287 Imago
467 1237 564 1286 grati
577 1248 668 1290 erga
679 1233 980 1278 benefa&orem
990 1234 1105 1277 suum
1119 1236 1259 1277 animi.

307 1288 452 1342 Imago
465 1289 517 1331 D.
533 1289 613 1333 Dei
626 1289 864 1345 ampliffime
889 1291 1187 1334 velminimum
1209 1291 1460 1347 obsequium,

251 1344 318 1386 fibi
331 1345 560 1398 impensum
571 1348 880 1388 remunerantis.

506 1412 528 1434 '¹
557 1410 698 1454 DXL.
727 1413 827 1451 Vino
847 1410 1020 1460 defaecato
1038 1410 1193 1451 lemma.

419 1464 634 1507 POSITO
667 1464 945 1509 FERVORE
973 1464 1292 1517 JUVENTAE.

305 1521 449 1576 Imago
462 1521 660 1562 moderati
672 1523 742 1563 viri
757 1534 804 1562 ex
822 1522 976 1564 fervido
987 1522 1258 1563 adolescente.

432 1574 595 1619 DXLI.
625 1576 727 1616 Vitis
736 1576 839 1625 falce
856 1587 996 1630 putata
1021 1591 1115 1615 uvas
1126 1578 1271 1624 ferens.

444 1630 600 1673 FERO
629 1629 785 1684 QUIA
813 1631 1062 1674 FALCEM
1088 1632 1122 1673 F
1126 1631 1258 1674 ERO.

301 1682 470 1728 Frusstus
492 1687 697 1728 bonorum
712 1699 883 1740 operum
895 1719 906 1739 ,
925 1688 1067 1740 quibus
1079 1688 1359 1730 calamitatum
1372 1688 1455 1732 falx

250 1739 347 1793 saepe
358 1741 519 1783 causam
533 1742 773 1784 incrementi
788 1742 962 1796 praebuit,
975 1742 1192 1785 Emblema
1203 1743 1392 1799 depingit.

291 1804 321 1833 ³*
349 1803 528 1848 DXLH.
559 1806 659 1847 Vitis
674 1807 794 1854 juxta
810 1805 1001 1859 brafficam
1011 1807 1187 1859 plantata
1196 1822 1331 1851 amara
1341 1810 1415 1852 eff.

582 1860 860 1906 AVERSOR
888 1862 1124 1907 AMARA.

305 1916 449 1969 Imago
462 1915 773 1960 immortificati.

302 1971 446 2026 Imago
459 1971 598 2013 itidem
612 1971 805 2014 mansueti
819 1971 961 2015 animi.

540 2026 742 2070 DXLIII.
777 2027 869 2067 Vini
887 2027 973 2081 palo
995 2031 1154 2072 innixa.

540 2083 550 2090 “
567 2081 792 2125 ΙΝΝΙΧΑ
822 2082 1122 2137 QUIESCIT.

297 2136 441 2192 Imago
454 2134 603 2191 sponsae
612 2137 766 2181 lnm'xae
765 2139 884 2193 super
895 2138 1212 2194 dilec‘lumsuum.
1242 2139 1415 2236 Cana}

1402 2209 1448 2236 u-
