<?xml version="1.0" encoding="UTF-8"?>
<!DOCTYPE html PUBLIC "-//W3C//DTD XHTML 1.0 Transitional//EN"
    "http://www.w3.org/TR/xhtml1/DTD/xhtml1-transitional.dtd">
<html xmlns="http://www.w3.org/1999/xhtml" xml:lang="en" lang="en">
 <head>
  <title>
</title>
<meta http-equiv="Content-Type" content="text/html;charset=utf-8" />
  <meta name='ocr-system' content='tesseract 3.04.00' />
  <meta name='ocr-capabilities' content='ocr_page ocr_carea ocr_par ocr_line ocrx_word'/>
</head>
<body>
  <div class='ocr_page' id='page_1' title='image "./joannismichaelis00kett_0727.png"; bbox 0 0 1534 2568; ppageno 0'>
   <div class='ocr_carea' id='block_1_1' title="bbox 0 994 4 1067">
    <p class='ocr_par' dir='ltr' id='par_1_1' title="bbox 0 994 4 1067">
     <span class='ocr_line' id='line_1_1' title="bbox 0 994 4 1067; baseline 0 0"><span class='ocrx_word' id='word_1_1' title='bbox 0 994 4 1067; x_wconf 62' lang='grc' dir='ltr'>ἒ</span> 
     </span>
    </p>
   </div>
   <div class='ocr_carea' id='block_1_2' title="bbox 319 126 1293 188">
    <p class='ocr_par' dir='ltr' id='par_1_2' title="bbox 319 126 1293 188">
     <span class='ocr_line' id='line_1_2' title="bbox 319 126 1293 188; baseline 0 -9"><span class='ocrx_word' id='word_1_2' title='bbox 319 126 1066 179; x_wconf 86' lang='lat' dir='ltr'>SYMBOLICUS.</span> <span class='ocrx_word' id='word_1_3' title='bbox 1203 148 1293 188; x_wconf 90' lang='lat'>701</span> 
     </span>
    </p>
   </div>
   <div class='ocr_carea' id='block_1_3' title="bbox 152 206 1099 374">
    <p class='ocr_par' dir='ltr' id='par_1_3' title="bbox 152 206 1099 374">
     <span class='ocr_line' id='line_1_3' title="bbox 303 206 1086 262; baseline -0.005 -9"><span class='ocrx_word' id='word_1_4' title='bbox 303 207 617 253; x_wconf 83' lang='lat' dir='ltr'><strong>FALLITUR</strong></span> <span class='ocrx_word' id='word_1_5' title='bbox 647 206 948 250; x_wconf 89' lang='lat' dir='ltr'>EXEMPLO.</span> <span class='ocrx_word' id='word_1_6' title='bbox 1006 209 1086 262; x_wconf 83' lang='lat' dir='ltr'><em>Vel,</em></span> 
     </span>
     <span class='ocr_line' id='line_1_4' title="bbox 422 262 965 307; baseline -0.007 0"><span class='ocrx_word' id='word_1_7' title='bbox 422 263 598 307; x_wconf 83' lang='lat' dir='ltr'>ALIOS</span> <span class='ocrx_word' id='word_1_8' title='bbox 630 262 965 305; x_wconf 85' lang='lat' dir='ltr'>lMlTANDO.</span> 
     </span>
     <span class='ocr_line' id='line_1_5' title="bbox 152 320 1099 374; baseline -0.004 -9"><span class='ocrx_word' id='word_1_9' title='bbox 152 324 295 374; x_wconf 80' lang='lat' dir='ltr'>Imago</span> <span class='ocrx_word' id='word_1_10' title='bbox 307 333 467 370; x_wconf 83' lang='lat' dir='ltr'>eorum,</span> <span class='ocrx_word' id='word_1_11' title='bbox 478 320 545 373; x_wconf 89' lang='lat' dir='ltr'>qui</span> <span class='ocrx_word' id='word_1_12' title='bbox 556 320 697 360; x_wconf 83' lang='lat' dir='ltr'>alienis</span> <span class='ocrx_word' id='word_1_13' title='bbox 710 321 906 372; x_wconf 82' lang='lat' dir='ltr'>exemplis</span> <span class='ocrx_word' id='word_1_14' title='bbox 919 329 1099 371; x_wconf 87' lang='lat' dir='ltr'>pereunt.</span> 
     </span>
    </p>
   </div>
   <div class='ocr_carea' id='block_1_4' title="bbox 189 372 1225 428">
    <p class='ocr_par' dir='ltr' id='par_1_4' title="bbox 189 372 1225 428">
     <span class='ocr_line' id='line_1_6' title="bbox 189 372 1225 428; baseline 0.014 -27"><span class='ocrx_word' id='word_1_15' title='bbox 189 379 209 401; x_wconf 66' lang='grc' dir='ltr'>ηε</span> <span class='ocrx_word' id='word_1_16' title='bbox 237 376 508 420; x_wconf 76' lang='lat' dir='ltr'>DCCXXV,</span> <span class='ocrx_word' id='word_1_17' title='bbox 537 374 667 414; x_wconf 88' lang='lat' dir='ltr'><em>Simia</em></span> <span class='ocrx_word' id='word_1_18' title='bbox 687 372 903 426; x_wconf 67' lang='lat' dir='ltr'><em>dffrmem</em></span> <span class='ocrx_word' id='word_1_19' title='bbox 923 375 1096 414; x_wconf 78' lang='lat' dir='ltr'><em>casulum</em></span> <span class='ocrx_word' id='word_1_20' title='bbox 1119 374 1171 421; x_wconf 72' lang='lat'><em>&amp;</em></span> <span class='ocrx_word' id='word_1_21' title='bbox 1181 377 1225 428; x_wconf 68' lang='lat' dir='ltr'>sb</span> 
     </span>
    </p>
   </div>
   <div class='ocr_carea' id='block_1_5' title="bbox 452 427 946 482">
    <p class='ocr_par' dir='ltr' id='par_1_5' title="bbox 452 427 946 482">
     <span class='ocr_line' id='line_1_7' title="bbox 452 427 946 482; baseline -0.004 -12"><span class='ocrx_word' id='word_1_22' title='bbox 452 430 573 482; x_wconf 77' lang='lat' dir='ltr'><em>ipsam</em></span> <span class='ocrx_word' id='word_1_23' title='bbox 598 427 778 478; x_wconf 59' lang='lat' dir='ltr'><em>exceffiv&amp;</em></span> <span class='ocrx_word' id='word_1_24' title='bbox 797 443 946 468; x_wconf 83' lang='lat' dir='ltr'><em>amans.</em></span> 
     </span>
    </p>
   </div>
   <div class='ocr_carea' id='block_1_6' title="bbox 103 482 1310 1640">
    <p class='ocr_par' dir='ltr' id='par_1_6' title="bbox 103 482 1304 1199">
     <span class='ocr_line' id='line_1_8' title="bbox 152 482 1247 579; baseline -0.002 -49"><span class='ocrx_word' id='word_1_25' title='bbox 152 485 415 530; x_wconf 83' lang='lat' dir='ltr'><strong>TANTUS</strong></span> <span class='ocrx_word' id='word_1_26' title='bbox 444 482 668 579; x_wconf 79' lang='lat' dir='ltr'><strong>TENETO</strong></span> <span class='ocrx_word' id='word_1_27' title='bbox 681 482 885 576; x_wconf 45' lang='lat' dir='ltr'>EljROR</span> <span class='ocrx_word' id='word_1_28' title='bbox 913 483 1247 528; x_wconf 83' lang='lat' dir='ltr'>AMANTEM.</span> 
     </span>
     <span class='ocr_line' id='line_1_9' title="bbox 673 553 760 577; baseline -0.011 0"><span class='ocrx_word' id='word_1_29' title='bbox 673 553 718 577; x_wconf 76' lang='lat' dir='ltr'>&#39;vl</span> <span class='ocrx_word' id='word_1_30' title='bbox 752 569 760 576; x_wconf 86' lang='lat'><strong>.</strong></span> 
     </span>
     <span class='ocr_line' id='line_1_10' title="bbox 169 591 1217 639; baseline 0 0"><span class='ocrx_word' id='word_1_31' title='bbox 169 596 368 639; x_wconf 90' lang='lat' dir='ltr'>NULLI</span> <span class='ocrx_word' id='word_1_32' title='bbox 397 593 537 638; x_wconf 91' lang='lat' dir='ltr'>NON</span> <span class='ocrx_word' id='word_1_33' title='bbox 566 591 688 636; x_wconf 84' lang='lat' dir='ltr'>SUA</span> <span class='ocrx_word' id='word_1_34' title='bbox 716 593 749 634; x_wconf 91' lang='lat' dir='ltr'><strong>F</strong></span> <span class='ocrx_word' id='word_1_35' title='bbox 753 592 935 635; x_wconf 85' lang='lat' dir='ltr'><strong>ORMA</strong></span> <span class='ocrx_word' id='word_1_36' title='bbox 965 592 1217 639; x_wconf 86' lang='lat' dir='ltr'><strong>PLACET.</strong></span> 
     </span>
     <span class='ocr_line' id='line_1_11' title="bbox 152 649 1197 701; baseline -0.001 -8"><span class='ocrx_word' id='word_1_37' title='bbox 152 654 393 694; x_wconf 85' lang='lat' dir='ltr'>Philautiam</span> <span class='ocrx_word' id='word_1_38' title='bbox 405 651 663 701; x_wconf 82' lang='lat' dir='ltr'>ejusdemque</span> <span class='ocrx_word' id='word_1_39' title='bbox 674 661 842 699; x_wconf 86' lang='lat' dir='ltr'>errores,</span> <span class='ocrx_word' id='word_1_40' title='bbox 856 649 1053 701; x_wconf 73' lang='lat' dir='ltr'>expressos</span> <span class='ocrx_word' id='word_1_41' title='bbox 1066 652 1197 692; x_wconf 85' lang='lat' dir='ltr'>habes.</span> 
     </span>
     <span class='ocr_line' id='line_1_12' title="bbox 155 702 1254 758; baseline -0.004 -8"><span class='ocrx_word' id='word_1_42' title='bbox 155 708 176 730; x_wconf 74' lang='lat'>&#39;⁴‘</span> <span class='ocrx_word' id='word_1_43' title='bbox 203 706 491 750; x_wconf 88' lang='lat' dir='ltr'>DCCXXVI.</span> <span class='ocrx_word' id='word_1_44' title='bbox 518 705 647 744; x_wconf 84' lang='lat' dir='ltr'><em>Simia</em></span> <span class='ocrx_word' id='word_1_45' title='bbox 658 703 795 758; x_wconf 82' lang='lat' dir='ltr'>populo</span> <span class='ocrx_word' id='word_1_46' title='bbox 801 702 971 756; x_wconf 73' lang='lat' dir='ltr'>jocos&amp;</span> <span class='ocrx_word' id='word_1_47' title='bbox 981 706 1078 757; x_wconf 70' lang='lat' dir='ltr'><em>rtsus</em></span> <span class='ocrx_word' id='word_1_48' title='bbox 1087 708 1254 758; x_wconf 81' lang='lat' dir='ltr'><em>faciens,</em></span> 
     </span>
     <span class='ocr_line' id='line_1_13' title="bbox 490 759 924 813; baseline 0.002 -15"><span class='ocrx_word' id='word_1_49' title='bbox 490 759 544 798; x_wconf 86' lang='lat' dir='ltr'>ad</span> <span class='ocrx_word' id='word_1_50' title='bbox 558 769 733 798; x_wconf 83' lang='lat' dir='ltr'><em>catenam</em></span> <span class='ocrx_word' id='word_1_51' title='bbox 754 759 924 813; x_wconf 83' lang='lat' dir='ltr'><em>alligata.</em></span> 
     </span>
     <span class='ocr_line' id='line_1_14' title="bbox 239 812 1180 866; baseline -0.001 -8"><span class='ocrx_word' id='word_1_52' title='bbox 239 814 320 858; x_wconf 92' lang='lat' dir='ltr'>DE</span> <span class='ocrx_word' id='word_1_53' title='bbox 349 814 490 858; x_wconf 77' lang='lat' dir='ltr'>MEIS</span> <span class='ocrx_word' id='word_1_54' title='bbox 519 813 691 866; x_wconf 83' lang='lat' dir='ltr'><strong>JOCIS,</strong></span> <span class='ocrx_word' id='word_1_55' title='bbox 720 812 854 855; x_wconf 82' lang='lat' dir='ltr'>MEA</span> <span class='ocrx_word' id='word_1_56' title='bbox 884 813 1180 859; x_wconf 89' lang='lat' dir='ltr'>VINCULA.</span> 
     </span>
     <span class='ocr_line' id='line_1_15' title="bbox 160 869 1304 925; baseline 0.002 -13"><span class='ocrx_word' id='word_1_57' title='bbox 160 872 301 925; x_wconf 83' lang='lat' dir='ltr'>Imago</span> <span class='ocrx_word' id='word_1_58' title='bbox 313 870 455 911; x_wconf 76' lang='lat' dir='ltr'>eor&#39;um</span> <span class='ocrx_word' id='word_1_59' title='bbox 467 902 477 921; x_wconf 83' lang='lat'>‚</span> <span class='ocrx_word' id='word_1_60' title='bbox 499 882 600 922; x_wconf 84' lang='lat' dir='ltr'>quos</span> <span class='ocrx_word' id='word_1_61' title='bbox 614 870 828 911; x_wconf 86' lang='lat' dir='ltr'>mundanae</span> <span class='ocrx_word' id='word_1_62' title='bbox 850 869 1002 911; x_wconf 85' lang='lat' dir='ltr'>deliciae</span> <span class='ocrx_word' id='word_1_63' title='bbox 1014 901 1025 922; x_wconf 83' lang='lat'>,</span> <span class='ocrx_word' id='word_1_64' title='bbox 1047 872 1095 913; x_wconf 87' lang='lat' dir='ltr'>ad</span> <span class='ocrx_word' id='word_1_65' title='bbox 1108 884 1251 914; x_wconf 88' lang='lat' dir='ltr'>aetcrna</span> <span class='ocrx_word' id='word_1_66' title='bbox 1264 871 1304 914; x_wconf 88' lang='lat' dir='ltr'>in</span> 
     </span>
     <span class='ocr_line' id='line_1_16' title="bbox 103 925 713 968; baseline -0.002 -2"><span class='ocrx_word' id='word_1_67' title='bbox 103 925 264 968; x_wconf 85' lang='lat' dir='ltr'>inferno</span> <span class='ocrx_word' id='word_1_68' title='bbox 278 928 435 968; x_wconf 85' lang='lat' dir='ltr'><strong>vincula</strong></span> <span class='ocrx_word' id='word_1_69' title='bbox 447 925 713 967; x_wconf 85' lang='lat' dir='ltr'><strong>transmisere.</strong></span> 
     </span>
     <span class='ocr_line' id='line_1_17' title="bbox 162 978 1244 1026; baseline -0.002 -2"><span class='ocrx_word' id='word_1_70' title='bbox 162 983 191 1010; x_wconf 39' lang='grc' dir='ltr'>ἠὲ</span> <span class='ocrx_word' id='word_1_71' title='bbox 223 980 532 1026; x_wconf 80' lang='lat' dir='ltr'><strong>DCCXXVII.</strong></span> <span class='ocrx_word' id='word_1_72' title='bbox 561 980 691 1020; x_wconf 82' lang='lat' dir='ltr'><em>Simia</em></span> <span class='ocrx_word' id='word_1_73' title='bbox 701 978 860 1020; x_wconf 83' lang='lat' dir='ltr'><em>adlunae</em></span> <span class='ocrx_word' id='word_1_74' title='bbox 872 984 1126 1021; x_wconf 82' lang='lat' dir='ltr'><em>mutationem</em></span> <span class='ocrx_word' id='word_1_75' title='bbox 1139 981 1244 1022; x_wconf 85' lang='lat' dir='ltr'>modo</span> 
     </span>
     <span class='ocr_line' id='line_1_18' title="bbox 515 1034 888 1079; baseline -0.003 -5"><span class='ocrx_word' id='word_1_76' title='bbox 515 1036 600 1074; x_wconf 81' lang='lat' dir='ltr'><em>laeta</em></span> <span class='ocrx_word' id='word_1_77' title='bbox 620 1034 723 1074; x_wconf 86' lang='lat' dir='ltr'>modo</span> <span class='ocrx_word' id='word_1_78' title='bbox 742 1034 888 1079; x_wconf 59' lang='lat' dir='ltr'><em>tristis.</em></span> 
     </span>
     <span class='ocr_line' id='line_1_19' title="bbox 271 1089 1130 1134; baseline -0.001 -2"><span class='ocrx_word' id='word_1_79' title='bbox 271 1089 595 1134; x_wconf 83' lang='lat' dir='ltr'>VARIATUR</span> <span class='ocrx_word' id='word_1_80' title='bbox 622 1089 889 1133; x_wconf 87' lang='lat' dir='ltr'>IMAGINE</span> <span class='ocrx_word' id='word_1_81' title='bbox 918 1089 1130 1134; x_wconf 89' lang='lat' dir='ltr'><strong>LUNAE.</strong></span> 
     </span>
     <span class='ocr_line' id='line_1_20' title="bbox 163 1146 794 1199; baseline 0 -12"><span class='ocrx_word' id='word_1_82' title='bbox 163 1147 306 1199; x_wconf 86' lang='lat' dir='ltr'>Imago</span> <span class='ocrx_word' id='word_1_83' title='bbox 318 1148 496 1188; x_wconf 82' lang='lat' dir='ltr'>hominis</span> <span class='ocrx_word' id='word_1_84' title='bbox 517 1146 794 1187; x_wconf 80' lang='lat' dir='ltr'>inconstantis.</span> 
     </span>
    </p>

    <p class='ocr_par' dir='ltr' id='par_1_7' title="bbox 159 1199 1250 1406">
     <span class='ocr_line' id='line_1_21' title="bbox 159 1199 1250 1255; baseline -0.001 -11"><span class='ocrx_word' id='word_1_85' title='bbox 159 1202 179 1224; x_wconf 75' lang='lat'>&#39;¹‘</span> <span class='ocrx_word' id='word_1_86' title='bbox 208 1201 540 1244; x_wconf 87' lang='lat' dir='ltr'>DCCXXVIII.</span> <span class='ocrx_word' id='word_1_87' title='bbox 568 1202 698 1240; x_wconf 86' lang='lat' dir='ltr'><em>Simia</em></span> <span class='ocrx_word' id='word_1_88' title='bbox 708 1214 821 1255; x_wconf 82' lang='lat' dir='ltr'><em>quem</em></span> <span class='ocrx_word' id='word_1_89' title='bbox 833 1215 882 1240; x_wconf 88' lang='lat' dir='ltr'>ex</span> <span class='ocrx_word' id='word_1_90' title='bbox 894 1201 985 1252; x_wconf 62' lang='lat' dir='ltr'><em>filit}</em></span> <span class='ocrx_word' id='word_1_91' title='bbox 996 1199 1250 1252; x_wconf 82' lang='lat' dir='ltr'><em>chariffimum</em></span> 
     </span>
     <span class='ocr_line' id='line_1_22' title="bbox 242 1256 1163 1311; baseline -0.002 -14"><span class='ocrx_word' id='word_1_92' title='bbox 242 1256 367 1309; x_wconf 79' lang='lat' dir='ltr'><em>habet,</em></span> <span class='ocrx_word' id='word_1_93' title='bbox 386 1257 484 1307; x_wconf 85' lang='lat' dir='ltr'>dorso</span> <span class='ocrx_word' id='word_1_94' title='bbox 506 1260 672 1310; x_wconf 83' lang='lat' dir='ltr'>imponit</span> <span class='ocrx_word' id='word_1_95' title='bbox 680 1257 852 1311; x_wconf 79' lang='lat' dir='ltr'><em>fugiens,</em></span> <span class='ocrx_word' id='word_1_96' title='bbox 873 1257 983 1308; x_wconf 80' lang='lat' dir='ltr'><em>cujus</em></span> <span class='ocrx_word' id='word_1_97' title='bbox 1001 1257 1163 1311; x_wconf 82' lang='lat' dir='ltr'>pondere</span> 
     </span>
     <span class='ocr_line' id='line_1_23' title="bbox 391 1307 1005 1367; baseline 0.002 -16"><span class='ocrx_word' id='word_1_98' title='bbox 391 1312 525 1367; x_wconf 83' lang='lat' dir='ltr'><em>pressa‚</em></span> <span class='ocrx_word' id='word_1_99' title='bbox 546 1313 568 1351; x_wconf 72' lang='grc' dir='ltr'><em>ἂ</em></span> <span class='ocrx_word' id='word_1_100' title='bbox 591 1311 837 1351; x_wconf 78' lang='lat' dir='ltr'>venatoribus</span> <span class='ocrx_word' id='word_1_101' title='bbox 854 1307 1005 1367; x_wconf 71' lang='lat' dir='ltr'><em>capitur</em></span> 
     </span>
     <span class='ocr_line' id='line_1_24' title="bbox 536 1364 872 1406; baseline 0.006 -2"><span class='ocrx_word' id='word_1_102' title='bbox 536 1365 635 1406; x_wconf 57' lang='lat' dir='ltr'>teste</span> <span class='ocrx_word' id='word_1_103' title='bbox 657 1364 872 1406; x_wconf 82' lang='lat' dir='ltr'>Berchorio.</span> 
     </span>
    </p>

    <p class='ocr_par' dir='ltr' id='par_1_8' title="bbox 397 1419 1030 1463">
     <span class='ocr_line' id='line_1_25' title="bbox 397 1419 1030 1463; baseline -0.005 -1"><span class='ocrx_word' id='word_1_104' title='bbox 397 1420 677 1462; x_wconf 81' lang='lat' dir='ltr'>AMANDO</span> <span class='ocrx_word' id='word_1_105' title='bbox 706 1419 1030 1463; x_wconf 83' lang='lat' dir='ltr'><strong>PERDITUR.</strong></span> 
     </span>
    </p>

    <p class='ocr_par' dir='ltr' id='par_1_9' title="bbox 105 1473 1310 1640">
     <span class='ocr_line' id='line_1_26' title="bbox 161 1473 1310 1530; baseline 0.003 -15"><span class='ocrx_word' id='word_1_106' title='bbox 161 1475 304 1530; x_wconf 86' lang='lat' dir='ltr'>Imago</span> <span class='ocrx_word' id='word_1_107' title='bbox 327 1487 471 1517; x_wconf 85' lang='lat' dir='ltr'>corum</span> <span class='ocrx_word' id='word_1_108' title='bbox 482 1486 717 1528; x_wconf 85' lang='lat' dir='ltr'>parentum,</span> <span class='ocrx_word' id='word_1_109' title='bbox 738 1488 839 1529; x_wconf 83' lang='lat' dir='ltr'>quos</span> <span class='ocrx_word' id='word_1_110' title='bbox 861 1474 1076 1518; x_wconf 83' lang='lat' dir='ltr'>exceffivus</span> <span class='ocrx_word' id='word_1_111' title='bbox 1096 1473 1135 1517; x_wconf 81' lang='lat' dir='ltr'>in</span> <span class='ocrx_word' id='word_1_112' title='bbox 1150 1477 1310 1530; x_wconf 86' lang='lat' dir='ltr'>prolem</span> 
     </span>
     <span class='ocr_line' id='line_1_27' title="bbox 105 1530 755 1586; baseline -0.002 -14"><span class='ocrx_word' id='word_1_113' title='bbox 105 1543 235 1580; x_wconf 82' lang='lat' dir='ltr'>amor,</span> <span class='ocrx_word' id='word_1_114' title='bbox 251 1535 290 1572; x_wconf 87' lang='lat' dir='ltr'>in</span> <span class='ocrx_word' id='word_1_115' title='bbox 305 1530 518 1572; x_wconf 81' lang='lat' dir='ltr'>Daemonis</span> <span class='ocrx_word' id='word_1_116' title='bbox 529 1531 649 1573; x_wconf 84' lang='lat' dir='ltr'>caffes</span> <span class='ocrx_word' id='word_1_117' title='bbox 663 1535 755 1586; x_wconf 87' lang='lat' dir='ltr'><strong>egit.</strong></span> 
     </span>
     <span class='ocr_line' id='line_1_28' title="bbox 186 1585 1236 1640; baseline -0.005 -11"><span class='ocrx_word' id='word_1_118' title='bbox 186 1586 206 1608; x_wconf 89' lang='lat'>*</span> <span class='ocrx_word' id='word_1_119' title='bbox 236 1585 529 1628; x_wconf 89' lang='lat' dir='ltr'>DCCXXIX.</span> <span class='ocrx_word' id='word_1_120' title='bbox 559 1588 689 1626; x_wconf 79' lang='lat' dir='ltr'><em>Simia</em></span> <span class='ocrx_word' id='word_1_121' title='bbox 708 1585 890 1639; x_wconf 84' lang='lat' dir='ltr'><em>amplexu</em></span> <span class='ocrx_word' id='word_1_122' title='bbox 906 1587 1048 1640; x_wconf 84' lang='lat' dir='ltr'><em>prolem</em></span> <span class='ocrx_word' id='word_1_123' title='bbox 1067 1600 1236 1627; x_wconf 77' lang='lat' dir='ltr'><em>enecans.</em></span> 
     </span>
    </p>
   </div>
   <div class='ocr_carea' id='block_1_7' title="bbox 162 1639 964 1750">
    <p class='ocr_par' dir='ltr' id='par_1_10' title="bbox 162 1639 964 1750">
     <span class='ocr_line' id='line_1_29' title="bbox 440 1639 964 1684; baseline -0.002 -2"><span class='ocrx_word' id='word_1_124' title='bbox 440 1640 677 1683; x_wconf 83' lang='lat' dir='ltr'>OFFICIT</span> <span class='ocrx_word' id='word_1_125' title='bbox 707 1639 964 1684; x_wconf 87' lang='lat' dir='ltr'>OFFICIO.</span> 
     </span>
     <span class='ocr_line' id='line_1_30' title="bbox 162 1695 664 1750; baseline 0 -14"><span class='ocrx_word' id='word_1_126' title='bbox 162 1695 305 1750; x_wconf 82' lang='lat' dir='ltr'>Imago</span> <span class='ocrx_word' id='word_1_127' title='bbox 318 1696 427 1737; x_wconf 82' lang='lat' dir='ltr'>noxii</span> <span class='ocrx_word' id='word_1_128' title='bbox 439 1697 664 1738; x_wconf 84' lang='lat' dir='ltr'>adulatoris.</span> 
     </span>
    </p>
   </div>
   <div class='ocr_carea' id='block_1_8' title="bbox 377 1788 1020 1838">
    <p class='ocr_par' dir='ltr' id='par_1_11' title="bbox 377 1788 1020 1838">
     <span class='ocr_line' id='line_1_31' title="bbox 377 1788 1020 1838; baseline -0.003 -2"><span class='ocrx_word' id='word_1_129' title='bbox 377 1788 736 1838; x_wconf 89' lang='lat' dir='ltr'>CAPUT</span> <span class='ocrx_word' id='word_1_130' title='bbox 802 1788 1020 1837; x_wconf 88' lang='lat' dir='ltr'>XLIV.</span> 
     </span>
    </p>
   </div>
   <div class='ocr_carea' id='block_1_9' title="bbox 144 1868 1272 2039">
    <p class='ocr_par' dir='ltr' id='par_1_12' title="bbox 144 1868 1272 2039">
     <span class='ocr_line' id='line_1_32' title="bbox 144 1868 1272 1951; baseline -0.002 0"><span class='ocrx_word' id='word_1_131' title='bbox 144 1868 699 1951; x_wconf 59' lang='lat' dir='ltr'>TAURUS(</span> <span class='ocrx_word' id='word_1_132' title='bbox 756 1884 1272 1949; x_wconf 81' lang='lat' dir='ltr'>TAURUS</span> 
     </span>
     <span class='ocr_line' id='line_1_33' title="bbox 435 1977 966 2039; baseline -0.004 -2"><span class='ocrx_word' id='word_1_133' title='bbox 435 1977 966 2039; x_wconf 75' lang='lat' dir='ltr'>PERILLI.</span> 
     </span>
    </p>
   </div>
   <div class='ocr_carea' id='block_1_10' title="bbox 172 2086 1310 2245">
    <p class='ocr_par' dir='ltr' id='par_1_13' title="bbox 172 2086 1310 2245">
     <span class='ocr_line' id='line_1_34' title="bbox 172 2086 1249 2141; baseline -0.001 -9"><span class='ocrx_word' id='word_1_134' title='bbox 172 2088 440 2133; x_wconf 88' lang='lat' dir='ltr'>DCCXXX.</span> <span class='ocrx_word' id='word_1_135' title='bbox 467 2086 622 2129; x_wconf 85' lang='lat' dir='ltr'><em>Taurus</em></span> <span class='ocrx_word' id='word_1_136' title='bbox 633 2091 744 2140; x_wconf 84' lang='lat' dir='ltr'><em>ferox</em></span> <span class='ocrx_word' id='word_1_137' title='bbox 755 2090 854 2141; x_wconf 86' lang='lat' dir='ltr'><em>ficus</em></span> <span class='ocrx_word' id='word_1_138' title='bbox 863 2088 1176 2140; x_wconf 71' lang='lat' dir='ltr'>sylvaticisoliis</span> <span class='ocrx_word' id='word_1_139' title='bbox 1194 2089 1249 2131; x_wconf 73' lang='lat' dir='ltr'>ad</span> 
     </span>
     <span class='ocr_line' id='line_1_35' title="bbox 194 2143 1310 2245; baseline 0.001 -59"><span class='ocrx_word' id='word_1_140' title='bbox 194 2146 326 2187; x_wconf 79' lang='lat' dir='ltr'><em>collum</em></span> <span class='ocrx_word' id='word_1_141' title='bbox 339 2144 505 2203; x_wconf 79' lang='lat' dir='ltr'><em>appenfis</em></span> <span class='ocrx_word' id='word_1_142' title='bbox 515 2146 789 2201; x_wconf 61' lang='lat' dir='ltr'><em>mansuescens,</em></span> <span class='ocrx_word' id='word_1_143' title='bbox 797 2145 844 2187; x_wconf 85' lang='lat' dir='ltr'>ab</span> <span class='ocrx_word' id='word_1_144' title='bbox 854 2143 980 2197; x_wconf 73' lang='lat' dir='ltr'>Anfio</span> <span class='ocrx_word' id='word_1_145' title='bbox 988 2145 1310 2245; x_wconf 39' lang='lat' dir='ltr'>inscribitursso·</span> 
     </span>
    </p>
   </div>
  </div>
 </body>
</html>
