1534 2568
318 159 1065 211 SYMBochUs.
1201 140 1297 224 v595,

149 238 445 283 Honoratiores
466 237 590 280 etiam
601 237 688 280 orbi
700 249 755 278 eae
764 237 1000 293 Religiones
1021 237 1110 281 sunt
1123 268 1135 292 ,
1156 240 1297 291 quaein

99 293 304 346 disciplina
317 294 538 347 rigidiores.

146 351 261 394 VIII.
289 349 335 390 ln
344 349 512 388 Labaris
520 346 882 403 Lunaeburgicorum
896 346 1247 406 Principttmgen-

245 404 416 446 tilitium
429 417 555 444 eorum
567 417 720 458 equum,
746 402 880 457 absque
889 405 999 453 freno
1010 405 1145 457 inscri-

422 457 949 556 Affiufznffigiffigffisssss

147 570 195 612 In
209 569 476 611 inaestimabile
488 567 673 609 libertatis
687 569 872 620 pretium.

155 626 195 668 A
222 625 379 667 fortiori
401 625 481 664 hoc
503 624 552 664 de
576 624 755 665 libertate
776 624 944 678 animae,
970 624 1119 667 nullius
1142 626 1298 680 peccati

96 681 272 723 servituti
285 679 468 721 obnoxiae
479 678 638 720 senties.

172 734 249 778 IX.
278 734 416 790 Equus
426 735 578 784 infremi·
592 733 611 772 ὲ
621 744 712 789 rupe
714 743 891 789 prm-eps,
905 738 948 775 in
958 734 1089 775 aedihus
1101 735 1212 786 Refe-

321 788 495 830 rendarii
516 789 736 830 Novarinae
751 821 762 840 ,
785 789 973 842 Thesauro
992 792 1078 846 teste

564 845 803 896 inscribitur.

308 897 492 953 QUOD
523 899 769 952 PRAEPES,
795 899 1077 944 PRAECEPS.

147 958 194 1000 In
207 959 435 1008 praeceleres
446 955 724 1000 deliberando.
1005 975 1023 983 x

185 1010 215 1040 ’¹‘
244 1009 302 1052 X.
330 1009 603 1066 Equinopullo‚
617 1010 1047 1106 faternaegenerolitatis
1057 1011 1204 1065 aemulo,

633 1080 770 1105 emma·

277 1119 477 1164 DISCIT
507 1120 622 1164 PAR
651 1120 783 1164 ESSE
809 1120 1090 1166 PARENTI.

145 1178 191 1219 Iu
203 1176 288 1218 vim
300 1186 560 1229 paternorum
572 1179 874 1228 exemplorum.

139 1232 161 1255 ¹*
186 1231 264 1273 XI.
292 1231 420 1288 Equus
431 1231 629 1286 explosione
641 1230 1084 1286 aliquotbombardarum
1098 1234 1235 1289 proba·

420 1296 497 1337 tuso
517 1302 568 1326 an
587 1286 742 1327 militiae
762 1297 865 1338 aptm·
873 1285 941 1335 stt.

333 1339 420 1383 SIC
451 1341 657 1384 GENUS
686 1341 1034 1385 ARGUITUR.

143 1395 381 1441 Sufferentia
399 1395 700 1440 Tentationum
722 1409 796 1439 nos
807 1396 954 1452 Regno
976 1397 1058 1440 Dei
1072 1408 1186 1453 aptos
1209 1399 1287 1442 effe

3 1448 5 1468 ¹
89 1454 227 1510 arguit.

0 2106 4 2146 i

189 1506 288 1551 XII.
317 1506 370 1549 P.
381 1506 634 1564 Engdgmve,
654 1511 780 1563 equiti
788 1508 835 1548 ab
845 1523 935 1564 equo
944 1508 1016 1560 suo
1025 1518 1172 1563 raptato

580 1564 769 1613 inscribit.

378 1617 515 1672 QUO
544 1617 634 1660 ME
662 1617 854 1660 RAPIT.
914 1617 993 1670 Vel,

259 1672 396 1727 QUO
425 1673 603 1715 RAPIT
638 1672 922 1716 IMPETUS.
977 1674 1098 1719 ovid.

137 1731 184 1772 In
198 1730 410 1770 hominem
426 1730 540 1770 malis
556 1728 630 1769 suis
643 1727 846 1770 affeaibus
860 1731 1081 1782 abreptum.

159 1784 278 1828 XIII.
303 1783 413 1839 Equo
412 1784 487 1836 sub
496 1783 626 1838 Sessore
636 1784 706 1834 suo
717 1783 1196 1841 ferocienti,D.Burgun·

535 1838 603 1877 dia
624 1839 812 1888 inscribit.

213 1892 323 1935 NIL
351 1892 521 1936 CURA
552 1890 685 1935 SINE
714 1892 992 1936 NATURA.
1047 1893 1126 1937 Vel.

145 1948 319 1991 CURA
348 1947 616 1991 NATURA
646 1948 1014 1993 POTENTIOR.
1061 1947 1212 1997 Juven.

133 2003 366 2058 Exprimere
380 2006 535 2046 volebat
549 2006 791 2046 excellentes
803 2017 1076 2060 praeceptores,
1090 2006 1276 2049 indolem

79 2061 242 2103 suorum
253 2061 540 2113 discipulorum
555 2058 726 2101 minime
741 2072 908 2102 mutare.

131 2114 252 2161 XIV.
281 2115 387 2157 Idem
408 2114 721 2170 D.Burgundia,
742 2129 831 2170 equo
842 2115 1012 2170 sessorem
1021 2117 1143 2170 suum
1154 2130 1222 2158 ex·

479 2174 657 2222 canenti,
673 2171 872 2224 inscripstt.

651 2225 782 2282 Ppg
1175 2224 1274 2270 R&
