1534 2568
286 113 1024 166 SYMBOLICUs,
1146 116 1240 178 641

54 261 69 276 .
137 202 157 225 *
184 200 357 245 CCCII.
384 200 503 243 Came
522 197 572 241 ad
593 198 782 240 demortui
803 197 973 241 Domini
991 199 1158 243 cadaver

520 253 759 303 decumbens,

215 310 412 354 ETIAM
441 309 596 354 POST
626 311 659 352 F
664 308 881 352 UNERA
910 308 1106 354 FIDUS.

103 368 246 421 Imago
268 366 430 420 Joscphi
456 367 505 408 ab
525 366 777 418 Arimathia,
792 365 1017 418 sepelientis
1049 366 1253 413 Christum

1 442 6 454 ⁴
51 423 298 467 Dominum.

47 474 50 477 ’
106 478 300 521 CCC111.
329 475 454 516 Canis
478 474 605 531 Ulyffis
626 475 820 526 reversum
831 475 879 514 ab
889 474 960 516 llio
981 474 1202 518 Dominum

336 547 386 571 ex
407 530 638 572 Domeffini
647 530 751 581 solus
771 531 976 586 agnoscens.

237 585 567 630 REVERSUM
594 584 794 627 NOVIT
821 585 1060 629 HERUM.

2 672 6 690 2
115 642 151 685 S.
177 641 321 684 Mariae
350 642 466 696 Mag.
496 642 749 694 aliorumque
779 639 982 685 Christum
1002 641 1086 695 post
1112 641 1257 686 Resur-

3 732 5 737 .
58 697 280 740 refflonem
293 697 602 752 agnoscentium
621 697 769 750 imago.

4 756 7 761 “
120 752 311 797 CCCIV.
343 750 495 792 Anubis
505 755 628 804 canis,
638 751 685 791 ab
697 750 878 806 AEpjptiti
889 750 1080 803 adoratus,
1090 754 1192 809 quod

212 806 346 857 Isidem
357 805 409 853 ξε)
421 805 606 856 ostridem
618 821 746 847 eorum
758 807 914 862 Regem,
926 807 1087 859 summa

108 974 154 1016 In
168 973 371 1016 honorem
383 972 563 1015 debitum
585 972 757 1014 Praelatis
771 974 1102 1027 impendendum.

138 1029 158 1051 *
185 1027 361 1073 CCCV.
390 1027 519 1069 Canis
535 1027 691 1069 eandem
710 1032 828 1070 viam
841 1029 987 1084 saepius
1005 1044 1157 1071 currens

521 1082 574 1129 δέ
596 1098 803 1124 recurrens.

319 1137 512 1181 MILLE
538 1138 648 1182 PER
678 1138 979 1185 AMBAGES.

112 1193 307 1236 Hominis
320 1195 407 1246 vagi
422 1194 528 1235 idea.

139 1250 159 1271 *
187 1248 379 1293 CCCVI.
410 1248 672 1300 Canisferam
686 1250 921 1305 persequens,
943 1265 990 1291 ne
1004 1251 1028 1291 d
1049 1261 1178 1292 verta—

249 1309 311 1360 gis
329 1314 440 1360 capta
460 1303 688 1346 dilaceretur
701 1336 712 1357 ‚
724 1305 792 1358 sed
811 1315 855 1346 ut
874 1304 958 1346 hero
968 1307 1050 1362 ser-

515 1370 634 1401 vetur
653 1365 816 1414 integra.

256 1414 627 1469 PERSEQUOR,
656 1415 749 1458 UT
776 1413 1035 1459 SERVEM.

109 1469 252 1525 Imago
273 1470 352 1513 Dei
373 1470 465 1513 suos
495 1472 787 1513 calamitatibus
808 1481 850 1513 ut
882 1473 934 1514 ita
953 1473 1088 1515 dicam
1120 1473 1251 1528 perse·

6 1560 7 1563 ,
54 1526 223 1579 quentis,
234 1537 426 1578 quatenus
438 1538 509 1567 eos
522 1537 675 1569 aeternae
686 1527 920 1570 beatitudini
934 1528 1092 1571 servet„

109 1580 384 1624 Corrcfflonis
395 1595 555 1636 quoque
568 1583 666 1625 idea.

113 1636 306 1691 Corporis
316 1650 475 1692 quoque
489 1637 650 1692 &spiritu
665 1639 898 1681 mortificati
912 1639 1060 1696 imago·

385 1768 743 1821 CAPUT
802 1769 936 1819 XII.

129 1877 1182 1953 CAPER.C‘APRA.

325 2024 354 2052 '¹‘
382 2023 593 2069 CCCVII.
625 2026 753 2081 Caper
771 2026 947 2078 juvenis.

430 2082 464 2123 F
467 2080 642 2126 ERIET
669 2082 842 2126 OLIM.

109 2132 298 2177 Indolcm
310 2139 424 2179 malae
439 2137 516 2192 spei
529 2139 750 2193 expressam
764 2142 898 2183 habes.
