1534 2568
313 118 1031 171 SYMBOLICUS.
1167 137 1259 186 401

92 197 114 223 ’¹‘
137 197 356 243 CDXXX
360 199 436 241 IV.
458 198 638 254 Josephus
648 199 999 250 invidiaefraternae
1009 197 1211 254 expositus.

367 253 661 299 INVIDIAM
691 254 957 298 MERUIT.

56 363 82 405 s
108 309 308 353 Invidiam
329 323 538 354 metemur
566 313 715 353 virtute
735 342 748 364 ,
780 323 928 366 nempe
950 320 994 353 ut
1015 311 1117 352 bene
1138 310 1255 354 nobis

70 373 99 405 it

82 420 104 443 ''‘
130 418 409 463 CDXXXV.
429 419 562 474 Jofi’ph
573 419 792 460 Pharaonis
807 424 1012 471 primarius
1022 420 1224 474 Minzster.

183 474 326 518 NON
353 476 578 519 INFIMA
608 474 766 519 LAUS
794 475 919 518 EST.
972 475 1109 520 Horat.

105 527 352 584 Principibus
365 530 551 585 placuisse
562 531 652 574 viris
665 561 677 583 ‚
701 545 785 573 non
801 532 943 573 infima
955 533 1038 573 laus
1050 531 1103 573 est
1116 563 1127 584 ‚
1150 529 1247 573 Deo

50 583 235 637 placuisse
248 586 406 628 summa
417 587 482 628 est.

48 638 69 662 *
93 638 388 684 CDXXXVL
417 640 551 697 Joftph
569 639 927 692 invididsraterna'
950 639 1004 686 δέ
1017 640 1247 697 Putipharti·

213 697 338 736 uxort}
351 699 607 750 persecutione
617 696 782 752 prestitam
802 712 874 737 non
893 695 1077 748 opprffts.

181 749 597 795 SUCCUMBERE
623 751 839 795 NESCIA
866 750 1105 794 VIRTUS.

98 804 144 846 ln
158 806 365 849 veritatem
378 808 656 860 premendam,
667 808 730 850 sed
745 820 829 849 non
841 808 1172 861 opprimendam

97 858 117 881 *
143 858 461 905 CDXXXVII.
490 862 1087 918 UxorPutipharti·‚adulterium
1098 875 1186 903 cum

257 916 411 973 Josepho
430 917 472 958 ob
493 920 566 975 ejus
582 919 762 975 pudorem
783 932 855 958 non
876 917 1014 958 valens

511 977 760 1015 committere.

229 1026 341 1072 SED
370 1027 711 1072 ADULTERA
739 1026 908 1071 MENS
937 1025 1060 1069 EST.

31 1109 52 1126 ρ
103 1080 146 1121 [n
158 1094 321 1133 peccata
338 1086 562 1137 libidinosa,
572 1086 667 1126 solis
678 1084 878 1127 desideriis
888 1083 1201 1127 committenda.

27 1163 28 1167 =
50 1134 92 1202 ῃ*
118 1135 452 1186 CDXXXVIII.
484 1140 590 1180 Uxor
602 1138 850 1195 Putipharth‚
868 1142 1103 1178 innocentem
1108 1138 1209 1192 Jose-

245 1193 372 1249 phum
381 1194 569 1235 adulterii
575 1195 755 1244 incusans
765 1209 813 1233 ex
824 1197 839 1233 i
842 1191 1001 1235 nvidia‘.

323 1250 542 1293 INVIDA
570 1249 676 1292 RES
706 1247 969 1292 MULIER.

124 1303 145 1327 *
171 1302 468 1348 CDXXXIX.
488 1304 860 1402 ,so-szsslonzczz'tzzffmnio
869 1301 1036 1356 dsole&
1048 1302 1145 1344 lund

41 1412 223 1467 QUEM
259 1413 396 1466 SOL,
434 1413 621 1468 QUEM
659 1414 841 1458 LUNA
879 1411 1235 1456 VERENTUR.

98 1470 258 1512 Votum
278 1470 314 1511 ὅ(
337 1470 567 1525 praesagium
588 1472 668 1513 hoc
690 1471 744 1514 est
765 1468 873 1524 quod
895 1479 1054 1524 optatur
1081 1468 1234 1521 JOSE·

41 1522 160 1567 PHO
187 1525 481 1569 Romanorum
493 1526 608 1582 Regi.

262 1659 620 1710 CAPUT
686 1660 987 1709 LXXXV.

189 1780 239 1840 B
300 1781 347 1840 E
409 1781 478 1844 N
537 1780 580 1879 J
644 1782 703 1842 A
765 1780 840 1840 M
897 1783 921 1842 1
988 1779 1077 1843 N.

128 1913 149 1936 *
176 1913 359 1961 CDXL.
386 1915 604 1969 Benjamin
626 1929 715 1955 cum
736 1914 837 1956 hond
850 1915 986 1969 causei,
998 1917 1139 1968 favore

468 1971 631 2024 parenni·
649 1969 811 2019 adjutus.

216 2024 480 2069 CAUSAM
514 2021 720 2069 FAVOR
750 2025 1054 2078 ADJUVAT.

25 2109 28 2132 ,
94 2079 139 2121 In
150 2080 285 2125 causas
297 2082 446 2135 bonas,
466 2082 602 2126 favore
624 2080 934 2136 prosequendas,
957 2084 996 2125 in
1010 2082 1125 2134 filiis,
1146 2079 1237 2131 reis,

41 2131 121 2180 διε.

26 2229 28 2238 ⁴
650 2189 688 2233 C
708 2202 731 2232 c
967 2207 970 2210 ’
1140 2190 1261 2230 Rem

24 1968 27 2016 ἲ
