1534 2568
244 119 307 165 ῳ
565 105 1024 156 APELLES

303 200 349 236 In
373 192 568 249 Equitem
598 193 704 235 aurei
731 194 900 236 velleris.
928 193 1263 252 1nS.Josephum
1279 224 1290 244 ,
1310 197 1454 241 imma-

246 250 423 292 culatum
438 263 587 305 agnum
601 277 616 296 ,
648 247 856 291 Christum
868 248 1096 292 Dominum
1108 279 1120 300 ,
1135 251 1238 293 ulnis
1251 250 1329 294 suis
1342 268 1455 297 com-

246 305 551 399 Ριεᾶεῐὲεὑῃρῐ.
580 358 642 399 Sol
651 361 694 397 in
705 363 830 399 arieti1
840 359 880 410 fi
902 376 1036 402 nocum
1053 364 1175 403 rubore
1195 366 1324 404 oriens.
1388 355 1395 367 ’

383 412 640 454 AURATO
670 413 734 455 IN
760 413 873 455 VEL
917 413 1032 457 ERE
1062 415 1285 459 RUBET.

301 475 349 511 In
377 468 571 525 Equitem
593 467 752 509 velleris
773 475 918 518 aurei,
958 469 1035 512 hac
1074 470 1117 512 in
1146 471 1340 528 dignitate
1381 471 1457 517 hu-

247 525 408 568 milem.

493 581 518 607 *
547 577 684 619 DCII.
717 581 785 618 Sol
794 583 833 618 in
847 583 1015 620 Geminis
1026 581 1202 624 occidens.

526 632 812 676 OCCASUM
842 635 907 676 IN
937 632 1198 679 GEMINIS.

302 688 486 742 Quando
507 687 797 730 amantiffimus
818 689 922 731 mihi
945 703 1087 747 parens
1105 689 1361 741 Everhardus
1377 692 1457 735 DE
1518 688 1520 690 ¹

247 745 497 788 CATENA
524 743 601 786 Ao.
627 747 745 795 1684.
774 744 814 784 in
827 743 969 798 Maj0‚
1000 744 1082 787 sole
1103 746 1144 787 in
1157 745 1347 788 Geminis
1358 761 1459 789 con-

245 801 407 848 stituto‚
437 799 488 840 ad
511 799 724 840 meliorem
754 799 878 840 vitam
907 802 930 840 εὶ
953 799 1045 841 Deo
1074 813 1262 843 evocatus
1287 800 1386 850 fuit,
1417 817 1460 850 e-

245 854 517 911 legantiffimo
531 853 732 901 carmine,
759 853 878 911 ipfius
891 857 1014 896 morti
1027 854 1202 898 indoluit
1219 856 1455 912 Collegium

248 908 495 952 coloniense
531 908 607 950 soc.
647 909 749 965 Jesu.
794 907 982 951 Titulum
1019 908 1174 952 doloris
1219 911 1454 967 Collegium

242 964 406 1022 sumpsit
429 980 479 1006 ex
534 963 705 1004 entilitio
725 963 809 1017 ejus
831 965 1027 1019 agalmate
1049 965 1156 1006 Solis
1181 995 1192 1013 ,
1243 979 1366 1021 quem
1397 968 1457 1008 in-

246 1020 431 1077 scripsere
459 978 572 1061 851„
600 1019 666 1060 ΙΝ
694 1018 942 1061 GEMINIS
974 1019 1350 1063 OCCUMBENS.
1390 1022 1454 1079 Ip-

243 1076 328 1117 sum
371 1075 423 1117 fic
447 1076 487 1116 in
513 1074 719 1117 Geminis*
739 1074 1052 1122 occumbentem
1076 1103 1087 1122 ‚
1128 1076 1347 1118 exhibuere
1379 1090 1453 1133 per

245 1130 465 1172 duodecim
488 1129 597 1187 figna
618 1128 813 1177 Zodiaci,
844 1130 886 1170 in
909 1129 1058 1185 quibus
1082 1128 1167 1185 ejus
1194 1131 1385 1179 virtutes,
1411 1148 1452 1173 a·

246 1185 332 1242 pud
357 1184 535 1227 diversos
572 1185 613 1226 S.
639 1182 767 1229 Rom.
794 1185 961 1241 Imperii
992 1183 1196 1241 Principes
1220 1185 1450 1227 aestimatio-

246 1255 367 1289 nem,
409 1241 452 1283 ὃς
479 1242 702 1297 praecipuos
719 1239 866 1294 quibus
888 1239 930 1279 in
956 1239 1190 1281 Coloniensi
1217 1240 1450 1296 Republica
1505 1254 1507 1258 ·

244 1294 483 1353 perfunRus
506 1294 635 1336 fuerat
660 1293 839 1335 honores
867 1294 912 1337 &
936 1294 1094 1343 munia,
1125 1296 1447 1352 explicabantur,
1504 1322 1506 1326 »

244 1351 366 1407 digna
388 1349 477 1392 sane
493 1349 631 1391 omnia
655 1362 744 1444 ἕψω
758 1348 886 1389 hocce
908 1350 948 1390 in
965 1363 1204 1407 meoopere
1223 1350 1362 1392 locum
1378 1352 1450 1393 ha·
1502 1387 1504 1390 .

244 1407 388 1456 beant,
415 1405 486 1453 nifi
512 1404 651 1459 religio
671 1419 691 1444 a
719 1403 940 1451 modestia,
969 1403 1171 1446 silentium
1193 1405 1296 1446 mihi
1318 1407 1449 1462 impe·
1500 1403 1501 1407 ¹

241 1473 360 1503 raret.
387 1459 540 1501 Placuit
553 1472 687 1499 tamen
707 1487 718 1507 ,
745 1458 812 1499 hic
825 1458 958 1500 eidem
971 1459 1160 1516 Colle-gio
1173 1459 1275 1503 hanc
1294 1464 1391 1516 grati
1408 1478 1448 1504 a«—
1500 1500 1506 1507 „

241 1517 344 1558 nimi
360 1513 543 1557 tesseram
558 1528 950 1571 poneremunquam,
966 1513 1073 1571 apud
1090 1515 1237 1563 me,vel
1252 1514 1446 1558 familiam

241 1586 376 1614 meam
391 1570 742 1617 intermorituram,
774 1569 838 1610 De
851 1580 1017 1617 caeterO,
1049 1570 1147 1611 Chr.
1163 1570 1367 1612 Dominus
1392 1572 1446 1620 al-

239 1638 301 1669 ter
324 1626 424 1667 mihi
440 1625 642 1669 &melior
654 1624 781 1672 Pater,
804 1625 970 1679 quando
984 1624 1242 1680 decursojam
1262 1626 1448 1674 Incarna-

239 1683 362 1723 tionis
387 1681 462 1722 suae
480 1680 667 1721 zodiaco
680 1678 759 1720 hoc
777 1681 816 1719 in
832 1679 987 1720 mundo
1000 1708 1011 1727 ,
1041 1680 1081 1720 in
1097 1691 1238 1721 monte
1252 1680 1447 1725 Calvariae.

237 1736 308 1778 sub
324 1737 546 1779 Consulatu
562 1735 738 1775 duorum
750 1733 1025 1775 Geminorum
1041 1733 1222 1791 spiritum
1248 1736 1289 1776 in
1304 1749 1447 1778 manus
1495 1740 1521 1781 ','···'

239 1793 368 1834 Patris
382 1789 690 1836 commendans,
714 1789 907 1830 inclinato
922 1790 1049 1844 capite
1062 1801 1246 1831 mortuus
1265 1789 1337 1838 est,
1354 1793 1445 1833 vere
1502 1792 1504 1794 ’

237 1846 536 1944 ffirliklflsniverfi
556 1842 898 1885 totiuesolhabuit
927 1843 1218 1891 OCCASUM
1251 1845 1315 1885 IN
1346 1846 1444 1888 GE-
1505 1901 1516 1923 ἲ

241 1985 263 2007 ⁹⁶
292 1978 449 2021 DCIH.
477 1981 531 2019 Sol
544 1981 582 2016 in
596 1976 752 2017 Zodiaco
763 1991 802 2016 ea
803 1974 915 2028 figna
923 1991 1002 2031 quae
1015 1986 1099 2016 ante
1120 1990 1255 2016 annum
1270 1975 1444 2030 lustrave·
1479 1978 1491 2008 ἶ

622 2042 704 2077 rat,
732 2031 847 2071 denuo
860 2033 1028 2084 lustrans.
1506 2038 1512 2053 ·'

269 2108 421 2168 QUAE
455 2105 615 2149 LOCA
642 2104 901 2147 VIDERAT
923 2103 1090 2168 ANTE·
1113 2133 1126 2152 ,
1167 2104 1419 2158 CUNCTA
1487 2060 1511 2150 i

550 2158 996 2206 RECOGNOSCIT.
1025 2159 1129 2201 ovat.
1384 2226 1430 2274 ln
