1534 2568
238 161 335 207 754
587 144 1080 196 APELLES

493 225 830 271 RUMPITUR
858 228 1186 272 INFLATUS.

290 286 433 379 Ῑηῃᾶςο
444 284 639 336 hominis,
658 285 725 336 qui
740 285 881 326 mundi
904 285 1003 327 fastu
1015 289 1182 339 picum,
1204 285 1326 327 morti
1341 285 1435 326 vici·
1464 323 1466 327 ,

234 353 310 383 nus
333 353 353 379 c

344 393 373 423 *
403 392 656 436 XXXV111.
683 393 832 444 Bufoni
851 409 901 435 ex
910 395 1013 446 foedo
1020 396 1213 451 spermate
1225 407 1312 452 pro-

415 502 595 547 FOEDI
625 450 1244 550 PRgalgAlggnIgARENTIS

282 563 428 617 Imago
449 558 745 609 &emiorum
779 573 955 614 quorum
979 562 1337 615 Archipatriarchae
1353 564 1436 616 ple-

229 630 400 670 rumque
414 616 575 658 infamis
587 615 675 656 vitae
685 615 812 660 fuere.

259 670 521 716 ¹⁶¹-XXX1X
552 671 653 715 Bufo
666 681 806 725 qouant
813 671 948 720 sem'ro,
970 682 1133 711 tantovn
1129 671 1321 712 rulentior
1334 671 1407 712 efl.

173 725 177 732 “
230 727 454 772 CREVIT
493 685 703 777 VIRUSq,
742 726 1196 770 CRESCENTIBUS
1235 726 1436 771 ANNIS.

283 783 430 836 Imago
442 783 663 837 peccatoris
673 782 851 834 quotidie
864 785 1022 836 pejoris.

280 840 425 889 Imago
438 839 561 879 ctiam
573 837 835 879 accrescentis
848 838 1067 881 inimicitiae
1077 838 1301 890 cujusdam.

283 895 306 918 *
331 893 432 937 XL.
459 893 529 933 Ex
550 893 717 944 Busom's
735 892 928 934 combussit·
912 894 1102 948 pulvere
1110 895 1238 948 sparfh
1257 896 1355 934 novi

470 947 598 1004 plures
615 949 726 998 exsur
708 959 830 1004 ſtrgunt
847 948 946 990 tefle
964 949 1186 992 Berchorio.

504 1002 585 1045 DE
613 1002 890 1046 PULVERE
918 1004 1164 1047 PLURES.

286 1063 333 1104 In
346 1061 549 1114 Joannem
567 1058 673 1101 Huss
684 1060 942 1102 combustum
961 1059 1115 1103 factum
1125 1059 1223 1111 fuit,
1241 1059 1339 1100 dum
1352 1059 1442 1112 piu·

233 1132 294 1162 res
307 1116 534 1160 combustus
545 1114 733 1168 sequaces
746 1117 894 1157 habuit.

340 1175 361 1196 *
387 1169 492 1215 XLI
535 1170 694 1220 Bufom'r
707 1170 902 1210 combusti
911 1175 1052 1210 cineres
1062 1169 1325 1211 medicinales.

514 1224 580 1267 IN
614 1224 892 1268 PULVERE
923 1225 1158 1269 VIRTUS

287 1281 826 1331 Fa&umfuit·1ncujusda1n
850 1282 1049 1334 Apostatae
1072 1279 1258 1334 Episcopi
1281 1292 1442 1331 corpus,

232 1340 380 1383 Romae
404 1339 487 1387 post
509 1349 687 1379 mortem
715 1351 735 1377 a
758 1338 801 1380 S
820 1337 1151 1403 Congregatione
1171 1336 1442 1388 combustum,

233 1398 282 1439 ad
296 1397 470 1437 aliorum
484 1403 681 1435 terrorem
693 1393 730 1434 &
743 1392 1120 1447 praeservationem
1106 1405 1126 1432 a
1141 1392 1249 1447 lapsu
1263 1391 1394 1434 simili.

598 1515 960 1565 CAPUT
1021 1515 1082 1564 V.

471 1639 529 1698 D
629 1637 689 1696 R
789 1638 847 1696 A
947 1636 1005 1695 C
1106 1636 1189 1696 O.

273 1738 416 1784 XLII.
448 1738 594 1780 Dentes
605 1736 791 1778 Dracom}
800 1735 824 1783 ἃ
835 1734 983 1776 Cadmo
1001 1738 1209 1789 seminati,
1228 1739 1271 1776 in
1284 1738 1395 1778 Viros
1483 1768 1489 1780 .

369 1806 548 1841 armatos,
559 1809 603 1832 ac
614 1805 747 1832 mutuo
751 1793 831 1844 ses&
840 1796 1068 1841 perimentes
1078 1794 1308 1835 excrescunt.

335 1850 466 1893 FERI
500 1847 756 1896 SEMINIS,
786 1839 1088 1892 CRUENTA
1119 1847 1335 1891 MESSIS.

298 1905 443 1962 Imago
466 1906 644 1947 hominis
664 1904 705 1946 iu
737 1903 1052 1946 Communitate
1075 1904 1292 1947 discordias
1325 1901 1444 1946 semi·

157 1975 163 1979 ·
239 1965 386 2006 nantis.

545 2015 567 2038 '⁰¹
595 2013 755 2057 XLIII·
783 2013 847 2054 Dr
828 2029 956 2053 rzacon
953 2013 1134 2054 lemma.

493 2069 765 2113 IMMANIS
797 2068 1013 2112 HIATU.
1074 2070 1179 2133 Vir.g

293 2125 437 2177 Imago
449 2127 553 2167 avari
565 2136 632 2168 aut
645 2126 915 2170 insatiabiliter
927 2125 1123 2169 obscoeni.

294 2181 438 2240 Imago
452 2183 615 2228 inferni.
1337 2231 1446 2275 Dra-
