1534 2568
0 421 4 573 J

294 107 1040 160 SYMBOLICUS
1162 124 1260 170 45

422 187 452 216 *
483 185 729 229 DCXC1V.
758 186 879 228 Idem.

265 241 494 286 EFFERA
523 241 694 285 MENS
724 242 914 286 MAGIS
943 240 1069 285 EST.

327 372 991 423 CAPUTcmLV

202 490 1112 562 BALTHASAR.

117 631 140 655 *
165 630 388 675 DCXCV.
414 628 623 682 Balthasar
635 631 678 670 in
691 630 814 670 medio
839 631 1029 669 convivii
1051 643 1214 670 manum

310 685 364 726 ad
385 689 575 738 parietem
590 685 820 734 scribentem
858 684 1014 724 videns.

92 738 615 793 SOLLICITUMQUE
646 739 910 795 ALIQUID
938 738 1130 783 LAETIS
1159 738 1244 783 IN·

393 794 726 839 TERVENIT.
782 796 910 839 Ovid.

306 927 670 979 CAPUT
733 927 1005 978 CXLVI.

231 1049 292 1134 z
338 1049 397 1109 O
446 1050 507 1110 R
557 1049 616 1108 0
665 1047 714 1108 B
763 1049 820 1109 A
869 1048 917 1109 B
964 1048 1010 1108 E
1057 1046 1134 1109 L.

96 1188 118 1211 *
143 1187 388 1232 DCXCVI.
418 1185 814 1228 Zorobabelreducens
827 1186 977 1237 Judaeos
996 1204 1045 1229 ex
1055 1186 1243 1244 Captivi-

496 1252 575 1282 tate
595 1241 846 1296 Babylonicci.

139 1298 208 1342 IN
237 1297 517 1342 PATRIAM
546 1296 672 1339 HOC
702 1297 872 1340 DUCE
898 1297 1192 1341 REDITUR.

121 1355 168 1397 In
191 1356 232 1400 S.
253 1355 524 1398 Michae'lem?
537 1354 865 1408 Archangelum,
887 1367 934 1395 ex
958 1355 1183 1405 captivitate
1197 1355 1270 1396 hu-

49 1410 127 1475 ·'ju-s»
147 1412 327 1466 eorporis
350 1412 391 1453 in
411 1420 545 1465 agone
568 1409 685 1450 nobis
712 1408 878 1452 Ducem
900 1410 949 1452 ad
976 1410 1182 1470 coelestem
1202 1423 1270 1465 pa-

68 1477 197 1512 mam.

215 1574 1012 1648 ‘CAPUTcmLWL

174 1716 215 1802 J
309 1717 373 1776 U
471 1718 529 1777 D
630 1717 655 1777 I
750 1714 816 1778 T
911 1716 973 1776 H
1069 1717 1150 1776 A.

141 1851 169 1879 ὴὲ
202 1849 470 1896 DCXCVH.
492 1850 663 1901 Juditha
674 1850 919 1903 fhrtiffimum
941 1852 1190 1903 Holofermm

149 1959 378 2003 VIRTUS
408 1909 790 2013 specssfficfflf
809 1961 950 2005 NON
978 1960 1184 2005 SEXUS.

398 2016 426 2044 ,Ἠ
457 2015 740 2060 DCXCVHI.
765 2018 914 2058 Eadem

310 2069 465 2114 SOLA
494 2073 751 2117 AGMINIS
777 2072 1017 2116 INSTAR.

125 2125 172 2169 In
183 2124 231 2168 B.
243 2124 471 2182 Virginem,
483 2140 567 2182 quae
578 2129 630 2171 est
641 2129 835 2178 Castorum
845 2133 947 2171 acies
954 2128 1148 2171 ordinata:

613 2183 648 2227 E
673 2197 694 2226 e
721 2194 750 2235 4
1154 2178 1268 2223 Holo-
