1534 2568
280 142 1031 194 SYMBOLICUS.
1188 147 1280 205 607

62 212 63 215 ’
113 223 333 273 NULLA
360 221 593 267 POTEST
615 222 892 266 ABOLERE
920 221 1258 270 VETUSTAS.

145 285 190 325 In
204 281 512 335 perpetuitatem
531 278 767 343 cUharafflzris
779 279 1032 321 fficerdotalis
1046 310 1058 330 ,
1078 279 1145 322 seu
1157 282 1292 335 cujus-3

88 337 756 444 cuanclggglaffnggjgenerosb
778 388 983 442 aliquando
1001 390 1184 443 inscripsi,

193 445 415 490 TANTA
444 443 630 488 DABIT
659 442 893 485 INDOLE
923 443 1169 488 DIGNOS.

137 503 186 544 In
209 512 365 557 patrem
395 501 577 543 ffliorum
600 499 746 542 virtute
767 498 807 540 <St
839 500 1101 554 genetofitate
1125 501 1191 543 fibi
1222 517 1291 558 pa-

93 571 355 656 ι,ω”ξῃΙὶ-ιΧΙΧ.
383 609 519 662 Equus
537 609 683 664 ligneus
697 607 864 662 puerilis
884 608 909 649 ἆ
921 619 1036 662 puero
1057 613 1225 668 inseffiaes.

217 664 546 710 PRAELUDIA
575 662 865 706 PULCHRA
894 665 928 706 F
931 664 1150 711 UTURI.

147 723 195 764 In
216 722 398 777 praesagia
417 721 553 777 magui
568 718 723 774 Equitis
745 719 812 762 seu
833 719 987 774 Ducis,
1003 721 1092 775 jam
1110 725 1150 766 in
1163 738 1291 780 puero

90 778 170 820 sese
190 777 408 829 prodentia.

149 832 289 876 LXX.
327 831 374 872 ln
391 845 546 872 nummo
565 829 718 886 Belgica
736 830 808 870 duo
826 835 917 884 equi
935 832 992 872 ad
1005 848 1163 875 currum
1173 838 1219 877 in

201 891 329 939 furiaa
349 886 444 939 aeli,
456 900 643 941 curruque
655 889 896 941 praecipitato
903 886 1033 942 sistere
1050 891 1172 932 coaeli

552 941 829 990 inscribuntur.

89 996 180 1042 VIS
209 997 470 1042 CONSILII
498 996 732 1048 EXPERS,
761 995 937 1040 MOLE
966 998 1124 1044 RUIT
1152 1000 1290 1048 SUA.

399 1052 610 1108 EQUUS
638 1052 975 1104 TROJANUS.

117 1105 278 1151 LXXI.
308 1107 470 1164 Quando
495 1106 847 1149 leDERlCUS
872 1109 1117 1164 W'lhelmus,
1138 1111 1291 1155 Eleezor

147 1163 510 1220 Brundenburgicus
519 1163 626 1203 bellis
635 1163 816 1204 invidus
830 1193 842 1213 ‚
865 1168 909 1204 in
920 1166 1113 1223 conjugem
1125 1167 1237 1209 duce-

241 1219 306 1259 bat
323 1219 485 1260 alteram
506 1218 786 1274 Principtssam
799 1218 1136 1277 Lunaeburgicam,

290 1273 482 1326 allusurus
498 1274 552 1314 ad
567 1273 930 1329 Lunaeburgicorum
946 1276 1108 1331 gentili-

355 1332 460 1370 tium
483 1328 643 1382 Equum
677 1332 838 1385 quidam
867 1327 1031 1376 Trojano

427 1398 516 1440 equo
535 1380 693 1437 Trojam
710 1384 841 1424 urbem
857 1389 978 1426 inter·

497 1444 662 1493 cipienti
683 1439 882 1491 infcripfit.

151 1492 319 1537 VICIT
347 1493 571 1549 EQUUS,
602 1494 837 1538 POTUIT
867 1495 959 1539 VIS
988 1495 1225 1540 NULLA.

139 1547 323 1593 LXXII.
372 1550 477 1591 Cum
495 1549 688 1591 W'lhelmo
708 1551 806 1606 Regi
826 1551 976 1605 Angliae
996 1552 1153 1594 donatus
1182 1553 1232 1592 ab

192 1615 317 1646 extero
338 1605 527 1661 Principe
537 1619 653 1659 equus
660 1605 752 1659 esth,
764 1612 808 1646 in
823 1612 999 1647 nummis
1017 1608 1188 1665 Belgicis

318 1660 484 1714 Trojano
504 1675 592 1712 equo
611 1662 839 1714 inscriptum
858 1666 1024 1715 apparui
1042 1696 1054 1706 ,

1026 1674 1040 1704 t

250 1714 1120 1768 Q

284 1823 460 1867 FELIX
488 1825 679 1869 PROLE
706 1827 929 1870 VIRUM.
982 1828 1085 1885 Virg.

145 1881 192 1923 In
205 1878 388 1923 Matrem
402 1882 553 1934 septem
566 1882 899 1925 Machabaeorum
912 1884 1095 1928 fratrum.

368 1936 390 1959 *¹
418 1935 620 1991 LXXIV.
651 1937 793 1979 Eidem
816 1939 1009 1983 inscribes.

452 1990 682 2035 HEROES
711 1993 938 2036 PARIET.

138 2044 186 2087 In
197 2045 398 2088 familiam
412 2048 548 2089 multis
561 2048 761 2092 Heroibus
773 2051 984 2103 inclytam.

12 2142 14 2147 ,
138 2100 185 2142 In
198 2100 445 2144 Societatem
460 2103 548 2153 Jesu
558 2134 569 2155 ,
591 2117 675 2157 quae
689 2107 840 2146 multos
863 2106 904 2145 in
915 2116 1085 2158 utroque
1104 2108 1201 2150 orbe
1215 2108 1284 2149 he-

85 2167 176 2199 roes
188 2157 333 2211 habuit,
343 2171 417 2213 pro
430 2158 507 2205 fide
519 2159 752 2216 sanguinem
763 2160 1068 2216 profundentes.
1175 2214 1225 2258 ld

1222 2228 1280 2258 em
