1534 2568
322 101 1039 152 SYMBOLICUs
1186 113 1284 161 ῳι

175 184 334 240 genium
346 179 453 231 vidi,
463 183 532 234 qui
544 178 763 234 paroxyden
772 179 942 220 cordibus
951 177 1212 233 humantiple-

234 251 326 279 nam
347 240 390 277 in
403 236 539 276 caelum
549 235 729 289 dirigens,
755 234 896 274 lemma
907 234 931 274 ἁ
943 234 1037 276 RP.
1051 233 1131 274 Ni·

405 290 502 332 colao
519 289 687 344 Efflbm'o
705 289 869 342 ejusdem
893 290 972 331 Soc·

616 350 774 401 accepit.

433 400 691 445 SURSUM
719 400 944 443 CORDA⁶

148 459 196 502 In
208 456 477 500 distraftiones
490 459 529 498 in
542 458 696 508 templo
709 456 745 496 ὅ(
758 457 1002 498 orationibus
1014 454 1224 499 cavendas,

419 513 439 535 *
467 510 681 554 CMXIV.
719 511 794 550 Cor
817 516 858 550 in
881 512 965 551 ard.

190 567 352 621 QUIN
379 566 600 610 DAMUS
628 565 693 608 ID
721 565 975 610 SUPERIS.
1031 565 1198 614 Perfius.

148 622 196 665 In
205 622 394 664 affeetum
406 625 506 664 nulli
519 623 631 664 alteri
658 634 779 674 quam
790 622 887 664 Deo
897 623 1169 676 praebendum.

173 677 195 701 *
222 677 415 721 CMXV.
444 677 519 718 Cor
534 682 578 717 in
592 677 728 717 coelum
739 677 894 718 evolans
906 693 994 718 cum
1007 677 1193 718 lemmata

515 731 618 774 HIC
649 732 848 776 AMAT.

335 787 356 810 *
381 786 601 830 CMXVI.
627 787 804 828 Alterum
827 792 870 827 in
891 786 1058 832 homine.

493 843 595 885 HIC
626 842 890 885 ANIMAT.

5 925 8 934 ,
146 897 288 948 locor,
300 897 407 949 quod
423 897 461 940 in
481 900 661 952 corporis
682 911 841 940 carcere
853 897 1116 949 conclusum,
1140 896 1291 939 affeffi-

6 986 7 989 ,
89 952 159 993 bus
181 952 256 993 suis
276 955 430 994 coelum
453 955 551 1006 petit
568 985 579 1004 ,
611 954 740 1007 ibique
764 955 889 1007 magis
911 966 1033 1006 quam
1057 954 1095 994 in
1118 965 1291 1006 corpore

6 1007 8 1046 ἰ
91 1006 255 1060 ptaesens
267 1008 336 1051 est.
363 1008 501 1064 Magis
512 1010 624 1052 enim
636 1010 689 1051 est
702 1010 769 1051 ubi
780 1019 902 1062 amat,
912 1022 1035 1063 quarn
1048 1009 1113 1051 ubi
1125 1015 1294 1055 animat,

345 1141 705 1191 CAPUT
767 1138 1041 1191 CXCVI.

296 1260 344 1319 P
476 1260 534 1320 U
646 1260 702 1322 L
790 1261 887 1321 'M
996 1261 1080 1320 O.

154 1394 174 1417 *
201 1391 437 1437 CMXVH.
465 1393 624 1446 Palm,
638 1410 752 1451 quem
771 1411 896 1437 aerem
916 1395 1103 1448 attrahit,
1121 1409 1211 1436 mox

486 1454 629 1490 iterum
651 1453 866 1503 exspirans.

156 1467 325 1560 QijOS
356 1503 624 1549 SPIRITUS
655 1506 973 1558 ATTRAHO,
1002 1505 1228 1551 REDDO.

134 1560 182 1602 In
205 1560 542 1612 Concionatores‚
561 1562 837 1605 Confeffarios
859 1562 934 1603 ὅτε.
954 1563 1158 1615 quiquem
1179 1561 1284 1604 acci-

8 1641 10 1675 ;
85 1614 197 1668 piunt
211 1616 402 1668 Spiritum
414 1616 609 1658 SaneIum
624 1650 635 1671 ,
656 1619 695 1661 in
707 1620 808 1661 aiios
832 1631 928 1660 cum
941 1618 1172 1661 salutaribus
1191 1630 1282 1660 mo·

84 1672 176 1713 nitis
187 1671 408 1726 dispergere
420 1672 615 1728 satagunt.

320 1798 675 1851 CAPUT
740 1799 1048 1851 CXCVII.

218 1916 1128 1984 STOMACHUS.

10 2051 11 2056 ¹
80 2050 111 2079 ³³
138 2051 397 2113 CMXVIII.
421 2052 639 2096 Stomachus
647 2056 834 2099 alimenta
843 2061 981 2113 recipit
993 2088 1004 2109 ,
1023 2067 1067 2098 ut
1077 2055 1273 2098 excoctum

189 2123 238 2149 ex
249 2112 294 2150 iu
304 2109 496 2151 meliorem
497 2111 660 2164 succum
683 2113 768 2154 aliz}
777 2113 950 2157 membris
967 2114 1169 2169 mimflret.

644 2167 733 2224 Gg
763 2179 792 2222 4
1166 2163 1276 2211 NIL
