1534 2568
260 131 1007 193 SYMBOLICUs
1147 153 1238 202 5„

96 226 124 255 ’ἵε
153 220 472 268 CCCXLVIII·
501 219 626 259 Grues
642 217 851 259 volitantes
860 232 948 258 cum
953 215 1127 274 pondere,
1142 232 1189 258 ne

418 275 441 314 τὶ
460 275 583 314 venui
607 274 868 327 abripiantur.

308 329 595 373 PONDERE
623 327 979 372 SERVAMUR.

96 388 284 431 Pondere
303 387 583 429 adversitatum
604 383 804 426 servamur
824 384 844 424 ὲ
864 384 986 439 Deo,
1007 397 1058 428 ne
1079 384 1245 440 abripia-

47 457 136 487 mur
150 445 277 486 ventis
290 456 399 487 vanae
411 443 728 538 §1252qule
773 493 879 535 Idem

316 550 599 594 PONDERE
627 551 660 592 F
664 549 985 594 IRMAMUR.

99 608 410 655 Adverfitatibus
422 607 648 648 constantes
662 606 867 648 reddimur
879 608 919 647 in
934 606 1095 648 servitio
1107 604 1203 648 Dei.

155 665 185 694 *⁵
213 662 386 708 CCCL.
415 661 510 702 Grus
531 661 700 701 volitans
718 660 883 715 lapidem
897 662 993 716 pede
1003 663 1146 715 ferens,

205 729 393 775 quantum
405 717 452 757 ab
467 733 505 757 eo
515 716 761 771 deprimitur,
774 727 929 757 tantum
941 716 1004 758 alis
1024 720 1099 758 ite·

432 787 521 812 rum
531 772 686 822 sursum
696 771 866 811 levatur.

203 827 355 871 HINC
384 826 829 878 GRAVOR,·1NDE
858 826 1077 870 LEVOR.

104 886 317 940 Quantum
340 886 519 927 levamur
536 883 715 936 {Spiritu
738 883 804 924 seu
827 883 962 925 anim&
979 914 990 932 ‚
1008 882 1249 925 tantumite·

48 956 139 985 rum
152 943 170 982 ὲ
183 941 294 995 gravi
316 952 487 992 corpore
500 939 777 989 deprimimur.
810 938 962 981 Timor
978 938 1058 981 Dei
1071 952 1171 992 quos
1183 940 1251 980 de-

46 998 196 1053 primit,
207 995 372 1036 eosdem
387 994 469 1047 spes
483 993 519 1034 &
537 994 682 1035 fiducia
694 995 734 1035 in
745 993 887 1059 Deum
901 996 1047 1036 iterum
1060 996 1190 1051 erigit.
1224 1019 1227 1021 —

203 1050 223 1071 ⁸
250 1048 1092 1149 ccsskfiessssiffissussiiffifissf⁶eden*

106 1164 151 1205 In
166 1161 374 1215 ingenium
387 1163 629 1213 praecellens.

84 1217 113 1247 ²*
141 1216 347 1261 CCCLn.
383 1215 477 1255 Grus
498 1224 586 1255 cum
607 1215 730 1270 lapillo
751 1217 886 1257 volans
908 1231 953 1257 ne
976 1216 999 1257 (Ξ
1010 1210 1117 1271 stopo
1126 1216 1199 1268 sui

341 1270 485 1310 volatus
509 1269 533 1309 ἁ
551 1282 666 1309 vento
681 1273 952 1324 praepediatur.

112 1377 118 1380 ⁷
317 1325 400 1369 NE
430 1324 655 1367 DEVIET
684 1326 969 1381 USQUAM.

50 1437 64 1450 .
102 1384 149 1425 In
173 1394 292 1446 eum,
310 1382 426 1435 quise
444 1382 562 1423 certis
576 1383 723 1437 legibus
743 1383 1032 1425 circumscribit
1052 1395 1103 1425 ne
1114 1382 1247 1426 deviet

47 1437 363 1537 ²‡C{S³({)CCI¹-LXH
367 1492 396 1534 I.
423 1491 541 1545 Grus,
551 1507 632 1548 quae
640 1507 776 1555 agmen
785 1493 950 1534 duxerat
959 1496 1052 1534 vice
1064 1492 1221 1535 mutata*

388 1547 572 1587 ultimam
594 1554 752 1604 agminis
775 1563 899 1604 agens.

295 1601 375 1645 EX
402 1603 596 1646 PRIMA
625 1603 975 1647 NOVISSIMA.

96 1658 146 1701 In
158 1658 300 1708 virum,
312 1659 377 1710 qui
391 1672 438 1700 ex
451 1661 611 1708 optimo
623 1659 806 1714 peffimus
821 1659 984 1701 effeems
997 1659 1062 1701 est.

0 1755 1 1759 ,
102 1715 148 1756 In
171 1725 266 1754 eum
281 1744 291 1763 ‚
315 1716 383 1765 qui
407 1726 454 1755 ex
479 1714 624 1769 magnfi
644 1717 834 1772 dignitate
853 1714 1029 1768 dejedkus
1051 1713 1243 1756 omnium

0 1785 4 1791 ·
45 1782 162 1812 more
174 1773 428 1822 contemptui
445 1770 584 1813 subest.
831 1777 834 1780 ’

97 1826 143 1867 In
157 1824 361 1866 Christum
374 1826 413 1866 in
428 1823 599 1877 paffione
612 1826 873 1869 noviffimurn
886 1828 1081 1868 virorum.

81 1879 103 1903 *
128 1877 360 1922 CCCLIV.
389 1878 424 1919 C
428 1884 553 1920 iconia
574 1881 768 1922 ardentem
780 1883 920 1923 nidum
939 1883 1124 1936 pullorum
1136 1892 1205 1922 ex·

178 1934 353 1975 tinelura
360 1934 510 1974 alarum
524 1947 627 1975 motu
640 1939 722 1984 ipsa
728 1937 853 1986 stmul
860 1939 1109 1978 comburitur.

189 1988 392 2032 PIETAS
424 1989 733 2034 SPECTATA
764 1992 870 2036 PER
897 1991 1091 2036 IGNES.

4 2066 6 2074 ·
96 2046 143 2089 In
158 2047 348 2101 pictatem
363 2047 568 2097 ingentem
580 2047 759 2090 filialem.

241 2101 261 2121 *
290 2099 501 2143 CCCLV.
532 2101 655 2141 Grues
673 2103 806 2143 ducem
815 2104 1026 2157 sequentes.

249 2154 339 2199 SIC
364 2155 547 2201 DUCIS
575 2156 790 2203 URGET
821 2157 1021 2202 AMOR.
1195 2213 1212 2258 I

1217 2228 1242 2258 n
