<?xml version="1.0" encoding="UTF-8"?>
<!DOCTYPE html PUBLIC "-//W3C//DTD XHTML 1.0 Transitional//EN"
    "http://www.w3.org/TR/xhtml1/DTD/xhtml1-transitional.dtd">
<html xmlns="http://www.w3.org/1999/xhtml" xml:lang="en" lang="en">
 <head>
  <title>
</title>
<meta http-equiv="Content-Type" content="text/html;charset=utf-8" />
  <meta name='ocr-system' content='tesseract 3.04.00' />
  <meta name='ocr-capabilities' content='ocr_page ocr_carea ocr_par ocr_line ocrx_word'/>
</head>
<body>
  <div class='ocr_page' id='page_1' title='image "./joannismichaelis00kett_0408.png"; bbox 0 0 1534 2568; ppageno 0'>
   <div class='ocr_carea' id='block_1_1' title="bbox 226 22 1101 179">
    <p class='ocr_par' dir='ltr' id='par_1_1' title="bbox 226 22 1101 179">
     <span class='ocr_line' id='line_1_1' title="bbox 226 22 1101 179; baseline -0.001 0"><span class='ocrx_word' id='word_1_1' title='bbox 226 22 368 179; x_wconf 57' lang='lat'><strong>&#39;330</strong></span> <span class='ocrx_word' id='word_1_2' title='bbox 611 124 1101 178; x_wconf 89' lang='lat' dir='ltr'>APELLES</span> 
     </span>
    </p>
   </div>
   <div class='ocr_carea' id='block_1_2' title="bbox 306 203 1391 483">
    <p class='ocr_par' dir='ltr' id='par_1_2' title="bbox 306 203 1391 366">
     <span class='ocr_line' id='line_1_2' title="bbox 325 203 1382 266; baseline 0.009 -23"><span class='ocrx_word' id='word_1_3' title='bbox 325 203 671 260; x_wconf 64' lang='lat' dir='ltr'><em>Ariadna&#39;immiffi)</em></span> <span class='ocrx_word' id='word_1_4' title='bbox 679 207 892 263; x_wconf 84' lang='lat' dir='ltr'><em>expediens,</em></span> <span class='ocrx_word' id='word_1_5' title='bbox 900 211 943 248; x_wconf 85' lang='lat' dir='ltr'><strong>in</strong></span> <span class='ocrx_word' id='word_1_6' title='bbox 954 209 1050 249; x_wconf 61' lang='lat' dir='ltr'><em>vita*</em></span> <span class='ocrx_word' id='word_1_7' title='bbox 1042 209 1249 266; x_wconf 77' lang='lat' dir='ltr'><em>symbolica</em></span> <span class='ocrx_word' id='word_1_8' title='bbox 1258 211 1297 252; x_wconf 91' lang='lat' dir='ltr'><strong><em>B</em></strong></span> <span class='ocrx_word' id='word_1_9' title='bbox 1302 243 1310 251; x_wconf 87' lang='lat'><strong>.</strong></span> <span class='ocrx_word' id='word_1_10' title='bbox 1313 210 1382 260; x_wconf 83' lang='lat' dir='ltr'><strong>Jo-</strong></span> 
     </span>
     <span class='ocr_line' id='line_1_3' title="bbox 352 260 1344 318; baseline 0.006 -20"><span class='ocrx_word' id='word_1_11' title='bbox 352 260 511 313; x_wconf 78' lang='lat' dir='ltr'><em>saphati</em></span> <span class='ocrx_word' id='word_1_12' title='bbox 522 261 726 311; x_wconf 86' lang='lat' dir='ltr'><em>Polocensts</em></span> <span class='ocrx_word' id='word_1_13' title='bbox 735 261 1049 318; x_wconf 76' lang='lat' dir='ltr'><em>ArchiEpiscopi‚</em></span> <span class='ocrx_word' id='word_1_14' title='bbox 1060 266 1223 306; x_wconf 84' lang='lat' dir='ltr'><em>Lemma</em></span> <span class='ocrx_word' id='word_1_15' title='bbox 1233 278 1344 310; x_wconf 76' lang='lat' dir='ltr'><em>tenet.</em></span> 
     </span>
     <span class='ocr_line' id='line_1_4' title="bbox 306 315 1391 366; baseline 0.005 -7"><span class='ocrx_word' id='word_1_16' title='bbox 306 315 444 359; x_wconf 85' lang='lat' dir='ltr'><strong>FILO</strong></span> <span class='ocrx_word' id='word_1_17' title='bbox 471 316 757 360; x_wconf 80' lang='lat' dir='ltr'>TANTUM</span> <span class='ocrx_word' id='word_1_18' title='bbox 786 318 1105 363; x_wconf 83' lang='lat' dir='ltr'>DEPENDET</span> <span class='ocrx_word' id='word_1_19' title='bbox 1133 322 1209 365; x_wconf 82' lang='lat' dir='ltr'><strong>AB</strong></span> <span class='ocrx_word' id='word_1_20' title='bbox 1233 323 1391 366; x_wconf 87' lang='lat' dir='ltr'><strong>UNO.</strong></span> 
     </span>
    </p>

    <p class='ocr_par' dir='ltr' id='par_1_3' title="bbox 315 372 1234 483">
     <span class='ocr_line' id='line_1_5' title="bbox 315 372 958 424; baseline 0.002 -11"><span class='ocrx_word' id='word_1_21' title='bbox 315 372 363 414; x_wconf 87' lang='lat' dir='ltr'><strong>In</strong></span> <span class='ocrx_word' id='word_1_22' title='bbox 376 385 458 424; x_wconf 73' lang='lat' dir='ltr'><strong>ejus</strong></span> <span class='ocrx_word' id='word_1_23' title='bbox 471 372 604 414; x_wconf 60' lang='lat' dir='ltr'>Saneh</span> <span class='ocrx_word' id='word_1_24' title='bbox 616 376 958 416; x_wconf 80' lang='lat' dir='ltr'>catechisationes.</span> 
     </span>
     <span class='ocr_line' id='line_1_6' title="bbox 455 427 1234 483; baseline 0.001 -13"><span class='ocrx_word' id='word_1_25' title='bbox 455 427 475 449; x_wconf 84' lang='lat'><strong>*</strong></span> <span class='ocrx_word' id='word_1_26' title='bbox 501 428 762 471; x_wconf 87' lang='lat' dir='ltr'>CCCXVII.</span> <span class='ocrx_word' id='word_1_27' title='bbox 791 430 895 470; x_wconf 82' lang='lat' dir='ltr'><strong>Idem</strong></span> <span class='ocrx_word' id='word_1_28' title='bbox 906 430 1020 483; x_wconf 85' lang='lat' dir='ltr'><em>filum</em></span> <span class='ocrx_word' id='word_1_29' title='bbox 1043 429 1234 471; x_wconf 75' lang='lat' dir='ltr'><em>Ariadnae.</em></span> 
     </span>
    </p>
   </div>
   <div class='ocr_carea' id='block_1_3' title="bbox 254 480 1449 541">
    <p class='ocr_par' dir='ltr' id='par_1_4' title="bbox 254 480 1449 541">
     <span class='ocr_line' id='line_1_7' title="bbox 254 480 1449 541; baseline 0.004 -15"><span class='ocrx_word' id='word_1_30' title='bbox 254 482 585 528; x_wconf 84' lang='lat' dir='ltr'><strong>INSTRUAM</strong></span> <span class='ocrx_word' id='word_1_31' title='bbox 614 480 719 533; x_wconf 79' lang='lat' dir='ltr'><strong>TE‚&#39;</strong></span> <span class='ocrx_word' id='word_1_32' title='bbox 742 485 809 528; x_wconf 92' lang='lat' dir='ltr'><strong>IN</strong></span> <span class='ocrx_word' id='word_1_33' title='bbox 839 487 941 528; x_wconf 85' lang='lat' dir='ltr'><strong>VIA</strong></span> <span class='ocrx_word' id='word_1_34' title='bbox 969 486 1117 530; x_wconf 74' lang='lat' dir='ltr'>HAG,</span> <span class='ocrx_word' id='word_1_35' title='bbox 1144 487 1279 541; x_wconf 85' lang='lat' dir='ltr'><strong>QUA</strong></span> <span class='ocrx_word' id='word_1_36' title='bbox 1308 487 1449 531; x_wconf 75' lang='lat' dir='ltr'>GRA-</span> 
     </span>
    </p>
   </div>
   <div class='ocr_carea' id='block_1_4' title="bbox 306 539 1303 752">
    <p class='ocr_par' dir='ltr' id='par_1_5' title="bbox 306 539 1303 752">
     <span class='ocr_line' id='line_1_8' title="bbox 619 539 1087 596; baseline 0.006 -15"><span class='ocrx_word' id='word_1_37' title='bbox 619 539 821 584; x_wconf 79' lang='lat' dir='ltr'><strong>DIERIS.</strong></span> <span class='ocrx_word' id='word_1_38' title='bbox 851 542 1087 596; x_wconf 62' lang='lat' dir='ltr'><em>Psalmogl.</em></span> 
     </span>
     <span class='ocr_line' id='line_1_9' title="bbox 306 594 1267 651; baseline 0.005 -15"><span class='ocrx_word' id='word_1_39' title='bbox 306 595 325 636; x_wconf 85' lang='lat'>1</span> <span class='ocrx_word' id='word_1_40' title='bbox 331 610 354 637; x_wconf 88' lang='lat' dir='ltr'><strong>n</strong></span> <span class='ocrx_word' id='word_1_41' title='bbox 370 594 587 646; x_wconf 62' lang='lat' dir='ltr'><strong>DOEIores,</strong></span> <span class='ocrx_word' id='word_1_42' title='bbox 605 596 891 651; x_wconf 79' lang='lat' dir='ltr'>Confessarios,</span> <span class='ocrx_word' id='word_1_43' title='bbox 902 597 1267 641; x_wconf 80' lang='lat' dir='ltr'>Praedicatorcs&amp;c.</span> 
     </span>
     <span class='ocr_line' id='line_1_10' title="bbox 558 651 1157 704; baseline -0.005 -9"><span class='ocrx_word' id='word_1_44' title='bbox 558 651 578 673; x_wconf 84' lang='lat'><strong><em>*</em></strong></span> <span class='ocrx_word' id='word_1_45' title='bbox 607 653 885 696; x_wconf 81' lang='lat' dir='ltr'><strong>CCCXVIII.</strong></span> <span class='ocrx_word' id='word_1_46' title='bbox 914 653 1017 693; x_wconf 76' lang='lat' dir='ltr'><strong>Idem</strong></span> <span class='ocrx_word' id='word_1_47' title='bbox 1033 654 1157 704; x_wconf 81' lang='lat' dir='ltr'><em>filum.</em></span> 
     </span>
     <span class='ocr_line' id='line_1_11' title="bbox 376 706 1303 752; baseline 0.002 -4"><span class='ocrx_word' id='word_1_48' title='bbox 376 706 514 749; x_wconf 86' lang='lat' dir='ltr'><strong>FILO</strong></span> <span class='ocrx_word' id='word_1_49' title='bbox 542 707 668 751; x_wconf 87' lang='lat' dir='ltr'>SPES</span> <span class='ocrx_word' id='word_1_50' title='bbox 697 709 894 752; x_wconf 82' lang='lat' dir='ltr'><strong>OMNIS</strong></span> <span class='ocrx_word' id='word_1_51' title='bbox 922 708 987 750; x_wconf 92' lang='lat' dir='ltr'><strong>IN</strong></span> <span class='ocrx_word' id='word_1_52' title='bbox 1016 709 1153 752; x_wconf 85' lang='lat' dir='ltr'><strong>ISTO</strong></span> <span class='ocrx_word' id='word_1_53' title='bbox 1181 708 1303 752; x_wconf 88' lang='lat' dir='ltr'>EST.</span> 
     </span>
    </p>
   </div>
   <div class='ocr_carea' id='block_1_5' title="bbox 307 760 1438 825">
    <p class='ocr_par' dir='ltr' id='par_1_6' title="bbox 307 760 1438 825">
     <span class='ocr_line' id='line_1_12' title="bbox 307 760 1438 825; baseline 0.005 -23"><span class='ocrx_word' id='word_1_54' title='bbox 307 760 355 804; x_wconf 90' lang='lat' dir='ltr'><strong>In</strong></span> <span class='ocrx_word' id='word_1_55' title='bbox 367 763 412 806; x_wconf 86' lang='lat' dir='ltr'><strong>S.</strong></span> <span class='ocrx_word' id='word_1_56' title='bbox 424 764 636 825; x_wconf 72' lang='lat' dir='ltr'>§capulare</span> <span class='ocrx_word' id='word_1_57' title='bbox 649 796 660 813; x_wconf 80' lang='grc'><em>,</em></span> <span class='ocrx_word' id='word_1_58' title='bbox 679 766 788 818; x_wconf 88' lang='lat' dir='ltr'>quod</span> <span class='ocrx_word' id='word_1_59' title='bbox 802 765 875 806; x_wconf 87' lang='lat' dir='ltr'><strong>filo</strong></span> <span class='ocrx_word' id='word_1_60' title='bbox 886 765 1072 807; x_wconf 84' lang='lat' dir='ltr'>Ariadnae</span> <span class='ocrx_word' id='word_1_61' title='bbox 1093 768 1213 809; x_wconf 81' lang='lat' dir='ltr'>mein</span> <span class='ocrx_word' id='word_1_62' title='bbox 1227 767 1438 809; x_wconf 87' lang='lat' dir='ltr'>concioni-</span> 
     </span>
    </p>
   </div>
   <div class='ocr_carea' id='block_1_6' title="bbox 249 819 1351 1088">
    <p class='ocr_par' dir='ltr' id='par_1_7' title="bbox 249 819 1351 1088">
     <span class='ocr_line' id='line_1_13' title="bbox 249 819 1002 875; baseline 0.004 -14"><span class='ocrx_word' id='word_1_63' title='bbox 249 819 322 861; x_wconf 88' lang='lat' dir='ltr'><strong>bus</strong></span> <span class='ocrx_word' id='word_1_64' title='bbox 335 822 502 862; x_wconf 84' lang='lat' dir='ltr'><strong>memim</strong></span> <span class='ocrx_word' id='word_1_65' title='bbox 513 832 792 875; x_wconf 87' lang='lat' dir='ltr'>comparatum</span> <span class='ocrx_word' id='word_1_66' title='bbox 803 819 1002 864; x_wconf 83' lang='lat' dir='ltr'>audiviffe.</span> 
     </span>
     <span class='ocr_line' id='line_1_14' title="bbox 304 874 865 923; baseline -0.004 -6"><span class='ocrx_word' id='word_1_67' title='bbox 304 874 354 923; x_wconf 82' lang='lat' dir='ltr'><strong>ln</strong></span> <span class='ocrx_word' id='word_1_68' title='bbox 363 876 478 920; x_wconf 87' lang='lat' dir='ltr'>funes</span> <span class='ocrx_word' id='word_1_69' title='bbox 488 875 526 917; x_wconf 84' lang='lat'>&amp;</span> <span class='ocrx_word' id='word_1_70' title='bbox 538 879 697 919; x_wconf 85' lang='lat' dir='ltr'>vincula</span> <span class='ocrx_word' id='word_1_71' title='bbox 708 877 865 919; x_wconf 80' lang='lat' dir='ltr'>Christi.</span> 
     </span>
     <span class='ocr_line' id='line_1_15' title="bbox 560 930 1122 983; baseline -0.009 -7"><span class='ocrx_word' id='word_1_72' title='bbox 560 932 582 956; x_wconf 84' lang='lat'>*</span> <span class='ocrx_word' id='word_1_73' title='bbox 611 931 850 975; x_wconf 89' lang='lat' dir='ltr'><strong>CCCXIX.</strong></span> <span class='ocrx_word' id='word_1_74' title='bbox 877 931 981 972; x_wconf 83' lang='lat' dir='ltr'><em>ldem</em></span> <span class='ocrx_word' id='word_1_75' title='bbox 995 930 1122 983; x_wconf 81' lang='lat' dir='ltr'><em>filum.</em></span> 
     </span>
     <span class='ocr_line' id='line_1_16' title="bbox 328 985 1351 1042; baseline 0 -12"><span class='ocrx_word' id='word_1_76' title='bbox 328 986 494 1042; x_wconf 86' lang='lat' dir='ltr'><strong>QUAS</strong></span> <span class='ocrx_word' id='word_1_77' title='bbox 522 987 788 1032; x_wconf 85' lang='lat' dir='ltr'>NATURA</span> <span class='ocrx_word' id='word_1_78' title='bbox 817 987 1044 1040; x_wconf 86' lang='lat' dir='ltr'>NEGAT,</span> <span class='ocrx_word' id='word_1_79' title='bbox 1072 985 1351 1030; x_wconf 81' lang='lat' dir='ltr'><strong>PRAEBUIT</strong></span> 
     </span>
     <span class='ocr_line' id='line_1_17' title="bbox 574 1042 1104 1088; baseline 0 -1"><span class='ocrx_word' id='word_1_80' title='bbox 574 1042 736 1087; x_wconf 85' lang='lat' dir='ltr'>ARTE</span> <span class='ocrx_word' id='word_1_81' title='bbox 763 1044 911 1088; x_wconf 81' lang='lat' dir='ltr'><strong>VIAS.</strong></span> <span class='ocrx_word' id='word_1_82' title='bbox 958 1043 1104 1087; x_wconf 85' lang='lat' dir='ltr'><em>Claud.</em></span> 
     </span>
    </p>
   </div>
   <div class='ocr_carea' id='block_1_7' title="bbox 301 1097 1435 1145">
    <p class='ocr_par' dir='ltr' id='par_1_8' title="bbox 301 1097 1435 1145">
     <span class='ocr_line' id='line_1_18' title="bbox 301 1097 1435 1145; baseline 0 -3"><span class='ocrx_word' id='word_1_83' title='bbox 301 1098 351 1142; x_wconf 84' lang='lat' dir='ltr'><strong>In</strong></span> <span class='ocrx_word' id='word_1_84' title='bbox 362 1100 545 1142; x_wconf 86' lang='lat' dir='ltr'><strong>libellum</strong></span> <span class='ocrx_word' id='word_1_85' title='bbox 555 1101 779 1144; x_wconf 80' lang='lat' dir='ltr'>cardinalis</span> <span class='ocrx_word' id='word_1_86' title='bbox 793 1099 1029 1142; x_wconf 81' lang='lat' dir='ltr'>Bellarmini</span> <span class='ocrx_word' id='word_1_87' title='bbox 1042 1099 1107 1141; x_wconf 89' lang='lat' dir='ltr'><strong>De</strong></span> <span class='ocrx_word' id='word_1_88' title='bbox 1118 1109 1200 1140; x_wconf 87' lang='lat' dir='ltr'>arte</span> <span class='ocrx_word' id='word_1_89' title='bbox 1221 1099 1322 1141; x_wconf 87' lang='lat' dir='ltr'>bene</span> <span class='ocrx_word' id='word_1_90' title='bbox 1334 1097 1435 1145; x_wconf 87' lang='lat' dir='ltr'><strong>Mo·</strong></span> 
     </span>
    </p>
   </div>
   <div class='ocr_carea' id='block_1_8' title="bbox 243 1155 1224 1212">
    <p class='ocr_par' dir='ltr' id='par_1_9' title="bbox 243 1155 1224 1212">
     <span class='ocr_line' id='line_1_19' title="bbox 243 1155 1224 1212; baseline -0.003 -13"><span class='ocrx_word' id='word_1_91' title='bbox 243 1155 387 1211; x_wconf 69' lang='lat' dir='ltr'>fiendi,</span> <span class='ocrx_word' id='word_1_92' title='bbox 398 1169 521 1212; x_wconf 86' lang='lat' dir='ltr'><strong>quam</strong></span> <span class='ocrx_word' id='word_1_93' title='bbox 531 1167 660 1200; x_wconf 84' lang='lat' dir='ltr'>artem</span> <span class='ocrx_word' id='word_1_94' title='bbox 673 1166 812 1199; x_wconf 83' lang='lat' dir='ltr'>natura</span> <span class='ocrx_word' id='word_1_95' title='bbox 822 1169 896 1197; x_wconf 90' lang='lat' dir='ltr'><strong>nos</strong></span> <span class='ocrx_word' id='word_1_96' title='bbox 909 1157 1078 1197; x_wconf 82' lang='lat' dir='ltr'>minime</span> <span class='ocrx_word' id='word_1_97' title='bbox 1089 1155 1224 1201; x_wconf 80' lang='lat' dir='ltr'><strong>docet.</strong></span> 
     </span>
    </p>
   </div>
   <div class='ocr_carea' id='block_1_9' title="bbox 455 1288 1230 1474">
    <p class='ocr_par' dir='ltr' id='par_1_10' title="bbox 455 1288 1230 1474">
     <span class='ocr_line' id='line_1_20' title="bbox 545 1288 1117 1349; baseline -0.007 -10"><span class='ocrx_word' id='word_1_98' title='bbox 545 1288 1117 1349; x_wconf 64' lang='grc' dir='ltr'><strong>εᾼΡυΤῑΝι</strong></span> 
     </span>
     <span class='ocr_line' id='line_1_21' title="bbox 455 1407 1230 1474; baseline -0.009 0"><span class='ocrx_word' id='word_1_99' title='bbox 455 1411 520 1474; x_wconf 90' lang='grc' dir='ltr'><strong>Τ</strong></span> <span class='ocrx_word' id='word_1_100' title='bbox 614 1407 919 1471; x_wconf 81' lang='lat' dir='ltr'><strong>I&#39;TI</strong></span> <span class='ocrx_word' id='word_1_101' title='bbox 1017 1408 1079 1468; x_wconf 91' lang='lat' dir='ltr'>U</span> <span class='ocrx_word' id='word_1_102' title='bbox 1174 1408 1230 1467; x_wconf 60' lang='lat' dir='ltr'><strong>S</strong></span> 
     </span>
    </p>
   </div>
   <div class='ocr_carea' id='block_1_10' title="bbox 275 1547 1382 1604">
    <p class='ocr_par' dir='ltr' id='par_1_11' title="bbox 275 1547 1382 1604">
     <span class='ocr_line' id='line_1_22' title="bbox 275 1547 1382 1604; baseline -0.009 -7"><span class='ocrx_word' id='word_1_103' title='bbox 275 1553 297 1577; x_wconf 81' lang='grc'>*</span> <span class='ocrx_word' id='word_1_104' title='bbox 321 1550 543 1597; x_wconf 88' lang='lat' dir='ltr'><strong>CCCXX.</strong></span> <span class='ocrx_word' id='word_1_105' title='bbox 570 1551 677 1592; x_wconf 82' lang='lat' dir='ltr'><em>Titii</em></span> <span class='ocrx_word' id='word_1_106' title='bbox 685 1551 847 1602; x_wconf 77' lang='lat' dir='ltr'><em>viscera,</em></span> <span class='ocrx_word' id='word_1_107' title='bbox 858 1548 905 1589; x_wconf 87' lang='lat' dir='ltr'><strong>ab</strong></span> <span class='ocrx_word' id='word_1_108' title='bbox 915 1551 1084 1589; x_wconf 81' lang='lat' dir='ltr'><em>immani</em></span> <span class='ocrx_word' id='word_1_109' title='bbox 1094 1547 1263 1602; x_wconf 82' lang='lat' dir='ltr'><em>vulture,</em></span> <span class='ocrx_word' id='word_1_110' title='bbox 1278 1547 1382 1604; x_wconf 81' lang='lat' dir='ltr'><em>apud</em></span> 
     </span>
    </p>
   </div>
   <div class='ocr_carea' id='block_1_11' title="bbox 292 1605 1211 1773">
    <p class='ocr_par' dir='ltr' id='par_1_12' title="bbox 292 1605 1211 1773">
     <span class='ocr_line' id='line_1_23' title="bbox 654 1605 1019 1655; baseline -0.008 -10"><span class='ocrx_word' id='word_1_111' title='bbox 654 1607 791 1655; x_wconf 83' lang='lat' dir='ltr'><em>inferos</em></span> <span class='ocrx_word' id='word_1_112' title='bbox 807 1605 1019 1648; x_wconf 77' lang='lat' dir='ltr'><em>dilaniata,</em></span> 
     </span>
     <span class='ocr_line' id='line_1_24' title="bbox 420 1657 1211 1705; baseline -0.006 0"><span class='ocrx_word' id='word_1_113' title='bbox 420 1660 692 1705; x_wconf 86' lang='lat' dir='ltr'><strong>MORDAX</strong></span> <span class='ocrx_word' id='word_1_114' title='bbox 720 1660 922 1704; x_wconf 79' lang='lat' dir='ltr'><strong>CULPA</strong></span> <span class='ocrx_word' id='word_1_115' title='bbox 954 1657 1211 1703; x_wconf 83' lang='lat' dir='ltr'><strong>MALUM.</strong></span> 
     </span>
     <span class='ocr_line' id='line_1_25' title="bbox 292 1719 831 1773; baseline 0 -11"><span class='ocrx_word' id='word_1_116' title='bbox 292 1721 340 1763; x_wconf 89' lang='lat' dir='ltr'><strong>In</strong></span> <span class='ocrx_word' id='word_1_117' title='bbox 354 1719 551 1773; x_wconf 81' lang='lat' dir='ltr'>remorsus</span> <span class='ocrx_word' id='word_1_118' title='bbox 564 1719 831 1762; x_wconf 83' lang='lat' dir='ltr'>conscientioe.</span> 
     </span>
    </p>
   </div>
   <div class='ocr_carea' id='block_1_12' title="bbox 449 1847 1172 2027">
    <p class='ocr_par' dir='ltr' id='par_1_13' title="bbox 449 1847 1172 2027">
     <span class='ocr_line' id='line_1_26' title="bbox 523 1847 1127 1901; baseline -0.008 0"><span class='ocrx_word' id='word_1_119' title='bbox 523 1847 1127 1901; x_wconf 63' lang='lat' dir='ltr'>CAPUTLVst</span> 
     </span>
     <span class='ocr_line' id='line_1_27' title="bbox 449 1961 1172 2027; baseline -0.01 0"><span class='ocrx_word' id='word_1_120' title='bbox 449 1961 1172 2027; x_wconf 56' lang='lat' dir='ltr'>U12YSSSES.</span> 
     </span>
    </p>
   </div>
   <div class='ocr_carea' id='block_1_13' title="bbox 332 2101 1419 2253">
    <p class='ocr_par' dir='ltr' id='par_1_14' title="bbox 332 2101 1419 2253">
     <span class='ocr_line' id='line_1_28' title="bbox 332 2101 1320 2159; baseline -0.011 -6"><span class='ocrx_word' id='word_1_121' title='bbox 332 2105 576 2153; x_wconf 83' lang='lat' dir='ltr'><strong>CCCXXI.</strong></span> <span class='ocrx_word' id='word_1_122' title='bbox 604 2102 735 2156; x_wconf 78' lang='lat' dir='ltr'><em>Ulvffi,</em></span> <span class='ocrx_word' id='word_1_123' title='bbox 755 2102 854 2159; x_wconf 87' lang='lat' dir='ltr'><em>quod</em></span> <span class='ocrx_word' id='word_1_124' title='bbox 860 2102 1012 2154; x_wconf 80' lang='lat' dir='ltr'><em>statura</em></span> <span class='ocrx_word' id='word_1_125' title='bbox 1031 2101 1172 2158; x_wconf 70' lang='lat' dir='ltr'><em>pustffus</em></span> <span class='ocrx_word' id='word_1_126' title='bbox 1181 2103 1320 2154; x_wconf 82' lang='lat' dir='ltr'><em>fuerit,</em></span> 
     </span>
     <span class='ocr_line' id='line_1_29' title="bbox 476 2158 1419 2253; baseline -0.008 -50"><span class='ocrx_word' id='word_1_127' title='bbox 476 2158 478 2161; x_wconf 38' lang='lat'>⁸</span> <span class='ocrx_word' id='word_1_128' title='bbox 603 2161 821 2214; x_wconf 77' lang='lat' dir='ltr'><em>Metsnerus</em></span> <span class='ocrx_word' id='word_1_129' title='bbox 840 2158 1029 2212; x_wconf 79' lang='lat' dir='ltr'><em>inscribit.</em></span> <span class='ocrx_word' id='word_1_130' title='bbox 1247 2228 1276 2240; x_wconf 18' lang='lat'><strong>*—</strong></span> <span class='ocrx_word' id='word_1_131' title='bbox 1331 2209 1419 2253; x_wconf 53' lang='lat' dir='ltr'><strong>SA-</strong></span> 
     </span>
    </p>
   </div>
   <div class='ocr_carea' id='block_1_14' title="bbox 1502 2094 1516 2234">
    <p class='ocr_par' dir='ltr' id='par_1_15' title="bbox 1502 2094 1516 2234">
     <span class='ocr_line' id='line_1_30' title="bbox 1502 2094 1516 2234; textangle 90"><span class='ocrx_word' id='word_1_132' title='bbox 1504 2213 1511 2234; x_wconf 81' lang='lat'><strong>-</strong></span> <span class='ocrx_word' id='word_1_133' title='bbox 1502 2094 1516 2149; x_wconf 58' lang='lat' dir='ltr'><strong>x·</strong></span> 
     </span>
    </p>
   </div>
  </div>
 </body>
</html>
