1534 2568
279 102 1022 174 SYMssoL1cth.
1179 95 1281 185 897

357 206 558 252 DCXLI.
585 205 694 246 Rubo
715 207 838 246 eidem
858 206 1011 247 lemma.

0 274 1 281 ¹
86 264 277 310 INTER
307 262 509 307 SPINAS
547 260 848 311 SECURUS‚
890 261 1079 306 INTER
1105 262 1282 331 IGNES

528 315 856 358 INTACTUS.

138 378 282 431 Imago
302 372 537 415 CastiauliCi
558 373 660 414 inter
671 373 898 425 frequentes
921 385 1055 443 rerum
1076 373 1283 418 obscoena-

0 446 2 489 ς
85 445 176 475 rum
189 430 430 474 occasiones.

223 487 252 515 a&
279 482 505 527 DCXLII.
534 480 677 522 Eidem
699 482 790 522 ruho
809 482 961 522 ardenti
981 482 1136 523 lemma.

296 537 554 588 TERRET,
583 537 662 580 ET
692 536 1056 581 ILLUSTRAT.

142 596 284 651 Imago
303 594 542 656 disciplima,
553 592 627 645 qua
643 625 652 643 ‚
674 593 738 634 etfi
764 597 939 636 multum
962 594 1285 650 compescantur,

88 654 266 693 multum
279 651 402 693 etiam
413 662 539 691 anum
551 649 802 692 illustrantur.
1204 662 1209 667 ·

361 766 720 816 CAPUT
780 767 1006 816 XLIII.

91 887 615 951 LIGNUM.
688 888 1284 950 BACULUS.

439 988 923 1053 VIRGA.

179 1096 423 1143 DCXLIH.
453 1100 633 1150 Scipioni
653 1097 727 1138 alis
747 1097 940 1139 inffruelo
961 1103 1004 1141 in
1027 1100 1202 1151 Thestbus

337 1155 375 1193 S.
391 1154 572 1202 Stamssao
591 1153 775 1193 dedicatis
794 1155 1030 1204 inscribitur.

440 1207 622 1250 AMOR
651 1208 923 1254 ADDIDIT.

141 1264 187 1305 In
199 1272 428 1318 promptam
441 1262 618 1315 ejusdem
641 1263 774 1320 Sanffl
789 1266 1083 1319 obedientiam,
1106 1264 1282 1319 (1υᾶΚο-

7 1329 9 1340 *
83 1332 196 1361 mam
208 1321 327 1373 pedes
340 1318 673 1372 proficiscebatur.

349 1375 369 1396 *
396 1373 644 1416 DCXLIV.
671 1373 843 1424 Scipioni
861 1373 1012 1413 lemma.

158 1427 400 1470 ELEVAT
429 1427 658 1479 OMNES,
688 1428 802 1482 QUI
833 1427 1205 1472 CORRUUNT.

135 1484 277 1536 Imago
290 1484 541 1526 sacramenti
555 1484 817 1526 Poenitentiae.

109 1538 333 1583 DCXLV.
366 1543 499 1595 Scipio
512 1540 609 1594 pera'
625 1540 830 1590 instruam
849 1542 894 1579 in
913 1538 1085 1596 Imagine
1096 1539 1235 1580 Primi

477 1594 603 1640 faeculi
623 1595 861 1646 inscribitur.

438 1648 565 1691 HOC
595 1649 710 1692 SAT
738 1648 937 1694 OPUM.

70 1717 73 1721 ·
133 1704 178 1744 In
192 1703 469 1756 Paupertatem
482 1705 693 1747 societatis
706 1704 897 1757 ejusdem·

120 1757 364 1801 DCXLVI.
393 1760 566 1800 Baculus
577 1761 649 1811 fleu
673 1760 824 1800 Pedum
847 1756 1067 1806 Ραὲἳοναῖε,
1090 1771 1159 1812 quo
1176 1756 1230 1804 δ’

195 1828 282 1854 oves
301 1812 511 1865 ducuntur,
529 1814 580 1861 ξε),
603 1826 730 1855 contra
749 1815 882 1870 lupum
903 1813 1171 1866 defenduntur,

313 1869 421 1924 apud
433 1869 551 1912 Aua.
573 1870 904 1911 Periflromatum
925 1870 1044 1924 Regis

486 1924 625 1965 Galliae
646 1925 882 1973 inscribitur.

329 1977 409 2020 ET
436 1979 635 2031 REGIT,
664 1980 743 2022 ET
771 1975 1022 2022 SERVAT.

138 2032 373 2087 Exprimere
385 2037 544 2077 voIebat
558 2067 569 2086 ‚
591 2049 714 2077 unam
727 2035 851 2089 Regis
871 2035 925 2076 sui
938 2044 1077 2074 curam
1089 2028 1181 2083 effe,
1205 2031 1282 2074 suis

79 2087 239 2130 subditis
261 2090 363 2132 bene
384 2091 554 2144 praeeffe,
575 2091 720 2145 eosque
743 2101 887 2133 contra
904 2088 1164 2144 quoscunque
1188 2101 1280 2142 pro-

78 2153 224 2198 tegere.

1205 2195 1281 2238 Li·
