1534 2568
224 137 318 181 700
584 120 630 167 A
663 120 699 166 Ρ
731 119 773 167 Ε
793 120 839 167 L-
870 122 915 169 L
946 123 991 184 (E
1025 124 1056 172 S

404 195 601 239 INTRA
629 195 883 239 DOMUM
910 198 1087 252 QmEs
1116 199 1236 244 EST.

273 251 494 306 Optimum
514 253 735 305 quietandae
757 252 1013 297 conscientiae
1031 258 1215 307 medium
1230 288 1241 310 ,
1265 256 1317 299 est
1331 256 1423 299 soli·
1477 298 1482 301 ,

217 307 327 349 tudo.

492 416 536 463 C
568 416 611 463 A
643 417 679 464 P
707 415 758 464 U
795 415 844 464 T
905 416 1128 466 XLIII.

403 536 438 595 S
584 537 608 597 Ι
752 534 825 596 M
964 538 988 597 1
1131 539 1211 598 A.

305 646 591 691 DCCXVIII.
621 648 751 688 Simia
768 650 1038 702 paludamento
1057 653 1155 705 regio
1176 647 1328 688 induta.

369 702 575 745 CLARO
605 703 949 747 DEFORMOR
979 703 1244 747 AMICTU.

266 759 409 814 Imago
432 772 576 800 eorum
592 791 602 807 ‚
627 772 728 812 quos
750 762 961 816 dignitates
983 773 1080 802 cum
1101 759 1209 803 mala
1231 758 1308 800 vitfi
1327 760 1413 813 plus

212 814 422 866 deturpant
435 827 559 866 quam
571 826 730 857 ornant.

268 869 520 913 DCCXIX.
548 869 634 910 Otto
654 874 808 911 Vaenius
820 873 864 909 in
875 870 954 922 suis
966 870 1188 911 Horatianis
1207 867 1364 909 Emble-

373 923 695 975 matzbu5,stm.1'ae
709 925 904 980 paludatae
925 940 1041 980 quam
1061 921 1232 966 Fortuna
1387 941 1389 943 ’

635 980 793 1020 ducebat
809 981 998 1031 inscribit.

310 1033 453 1077 NON
481 1034 719 1078 MUTAT
748 1035 1057 1079 FORTUNA
1086 1034 1305 1078 GENUS.

262 1089 299 1130 C
302 1106 377 1129 aeca
378 1096 473 1140 fove
486 1092 657 1147 indignos
670 1092 766 1142 Sors,
781 1102 823 1130 ut
832 1091 946 1144 lubet,
960 1101 1002 1131 at
1012 1103 1082 1132 tua
1093 1092 1206 1141 dona,

347 1146 477 1184 Simia
488 1161 533 1185 ne
547 1157 702 1186 maneat
715 1147 838 1197 fimia‚
854 1161 927 1186 non
937 1148 1104 1196 facient.
1131 1146 1274 1201 Lamp.

257 1199 486 1243 DCCXX.
516 1201 645 1241 Simia
667 1201 720 1241 ad
736 1202 940 1242 utricalem
959 1203 1101 1242 tibiam
1112 1201 1368 1256 saltans‚pro-

372 1255 488 1311 jec‘lis
511 1260 555 1296 in
572 1257 746 1297 medium
770 1258 933 1297 nucibus
952 1257 1112 1312 aliquot,
1132 1271 1222 1297 mox

640 1328 694 1352 σας
715 1311 973 1368 apprehendit.

1258 988 1273 1001 ἱ)

204 1364 574 1419 FURENTEM,
602 1367 761 1421 QUID
800 1367 1090 1412 DELUBRA
1129 1362 1408 1418 JUVANT?
1460 1354 1465 1357 ’

262 1420 510 1463 DCCXXI.
543 1423 672 1462 Simia
684 1422 782 1477 pede
796 1423 903 1472 felis,
922 1421 1130 1467 castaneas&
1147 1421 1355 1461 calentibus

311 1477 503 1515 cineribus
523 1478 813 1530 apprehendens,
833 1479 855 1517 ἃ
870 1477 1048 1523 [Wafenio
1064 1477 1299 1529 inscribitur.

268 1531 453 1585 QUOD
481 1531 601 1574 TIBI
631 1531 772 1575 NON
805 1532 895 1574 VIS
926 1532 1092 1585 FIERI,
1122 1529 1345 1574 ALTERI

632 1587 716 1629 NE
744 1588 776 1628 F
781 1585 995 1630 ECERIS.

235 1642 263 1672 ’Ἀ
291 1641 559 1688 DCCXXII.
585 1644 715 1683 Simia
738 1644 910 1682 catulum
932 1642 1102 1682 humeris
1113 1643 1373 1695 suisportans.

622 1697 795 1740 ONUS
827 1696 997 1740 LEVE.

257 1750 306 1794 In
316 1754 549 1796 facititatem
563 1785 574 1805 ‚
593 1766 737 1795 eorum
747 1753 924 1795 defeems
937 1751 1216 1807 supportandi,
1236 1763 1337 1804 quos
1350 1751 1407 1793 di-

206 1809 381 1850 linimus.

236 1841 261 1864 D
323 1866 343 1885 *
372 1863 660 1907 DCCXXHI.
687 1862 816 1904 Simia
833 1878 882 1903 ex
903 1864 1137 1920 Regionibus
1153 1861 1287 1903 exteris

627 1917 680 1958 ad
696 1934 760 1958 nos
777 1930 864 1958 tran
859 1920 984 1968 statas.

261 1973 528 2016 COELUM
557 1973 697 2016 NON
729 1974 1002 2017 ANIMUM
1036 1971 1333 2017 MUTANT.

253 2031 301 2072 In
314 2031 472 2070 inutiles
486 2034 709 2071 muitorum
721 2032 1069 2085 peregrinationes.

256 2084 286 2114 ᾗ
314 2084 607 2129 DCCXXIV.
635 2085 763 2124 Simia
783 2089 935 2141 capitur
955 2086 1050 2126 dum
1076 2087 1234 2125 imitari
1253 2081 1346 2123 vult

423 2150 659 2195 venatorem,
674 2139 912 2197 pedicasstbi
931 2145 1198 2198 imponentem.

1455 2028 1462 2034 a

1510 2215 1518 2221 ‘-
1518 2147 1519 2150 „
1511 1895 1518 1914 a
1512 1817 1515 1820 ,

1270 2189 1404 2234 FAL-
