1534 2568
0 0 7 226 ξ
245 143 994 196 SYMssoLlcUS.
1151 162 1242 209 741

0 227 6 289 ἦ
320 272 679 323 CAPUT
744 272 971 322 xxlv.

166 393 201 453 S
304 396 328 455 Ι
426 393 484 456 L
576 394 641 454 U
734 393 795 454 R
893 392 952 453 U
1047 393 1106 453 S.

42 522 44 524 v
110 497 140 527 ἦ*
168 498 324 544 CCXI.
354 497 479 539 Siluro
498 500 602 537 mira
619 499 723 537 circa
730 496 891 549 sobolem
913 511 1007 538 cura
1027 494 1110 549 eff,
1135 495 1179 536 de

403 567 474 607 quo
493 552 589 592 vide
612 552 880 592 Berchorium.

422 606 624 650 PARTA
652 607 863 650 TUERI.

0 658 6 723 I
87 663 510 708 Documentuminde
530 673 714 718 parentes
727 664 886 706 sumant
909 660 1151 705 affumendae
1172 659 1246 705 cui

5 726 6 775 j
38 721 293 775 raeprolium.

5 783 6 803 I

333 825 694 877 CAPUT
760 826 950 877 xxv.

167 947 204 1007 S
303 949 350 1009 P
447 947 507 1007 O
606 947 676 1010 N
772 947 829 1007 G
929 948 955 1008 Ι
1053 948 1132 1007 A.

97 1054 119 1078 ¹⁸¹
146 1053 327 1098 CCXII.
353 1055 519 1112 Spongia
538 1058 583 1100 in
603 1054 930 1111 marimiscopulti
953 1064 1048 1096 nata
1068 1053 1182 1098 marai·

475 1111 623 1164 flufft'us
642 1110 787 1151 haurit.

254 1164 498 1209 HAURIT'
526 1163 1016 1210 INEXHAUSTUM.

88 1220 233 1276 Imago
246 1221 287 1264 S.
301 1221 643 1264 CommunioniS.

183 1276 385 1319 CCXIII.
415 1278 584 1331 Spongiae
605 1277 662 1319 P.
674 1275 880 1326 Masenius
900 1275 1091 1327 inscribit.

245 1332 547 1385 MtJNDAT,
575 1331 655 1375 ET
683 1330 1017 1375 INFICITUR.

69 1386 214 1443 Imago
226 1400 372 1430 eorum
384 1389 663 1440 Praelatorum,
677 1388 763 1440 qui,
781 1400 879 1440 quas
892 1388 933 1429 in
944 1387 1031 1430 aliis
1043 1387 1242 1432 mundant

31 1441 70 1484 &
83 1445 303 1499 corrigunt,
314 1446 452 1496 culpas
465 1445 505 1486 in
517 1444 555 1485 se
569 1457 653 1486 non
666 1456 757 1485 raro
767 1443 1000 1485 admittunt.

275 1498 476 1542 CCXIV.
506 1500 676 1553 Spongiae
697 1501 812 1539 inani
831 1498 987 1541 lemma.

344 1553 424 1597 ET
450 1554 684 1598 TUMET
715 1553 941 1598 INANIS.

88 1609 232 1665 Imago
244 1609 396 1652 fastuofi
410 1610 560 1652 indoffi
572 1614 634 1653 vel
645 1610 839 1665 pauperis¹

197 1663 377 1707 CCXV.
411 1666 464 1706 P.
481 1666 688 1720 Mafhnius
701 1666 866 1719 spongiae
887 1662 1077 1714 inscribit.

311 1719 512 1763 PLENA
541 1717 944 1764 EXPRIMITUR.

87 1777 231 1829 Imago
242 1787 387 1818 eorum
399 1776 708 1829 Ministrorurn,
738 1776 833 1829 qui,
854 1776 954 1816 dum
976 1773 1078 1815 alios
1098 1772 1241 1829 opibus

0 1907 1 1922 Ν
33 1832 1191 1943 εΨὲἕὲἃῑῗἚῑῗὲὲῗξέᾳῖὶῗῐὶῗῗῇῗὲῒέἓῗὶἕέρἕᾰ

0 1942 2 1952 ¹
456 1946 501 1983 in
521 1942 653 1984 tabula
672 1942 798 1983 deleti.

59 1994 182 2039 NOS
213 1996 555 2043 ABLUENDO
585 1995 915 2042 SUSTULIT.
961 1993 1031 2036 Ex
1046 1992 1213 2046 Hymno.

65 2051 234 2147 ¹Imago
273 2055 418 2098 Christi
440 2053 616 2097 Domini
646 2055 779 2096 debita
798 2053 931 2095 nostra
950 2049 1141 2101 sanguine
1163 2048 1238 2086 suo

39 2119 62 2148 e
81 2117 225 2148 uentls.

90 2162 236 2219 Imago
246 2164 369 2209 etiam
382 2177 484 2208 vetae
493 2161 756 2219 poenitentiae.

582 2217 624 2260 A
644 2229 667 2260 a
688 2229 711 2260 a
741 2228 765 2256 2
1128 2208 1240 2265 Spona

0 2020 3 2034 ι

0 2038 2 2064 Ι
