1534 2568
279 115 484 167 SYM
527 113 1016 164 BOLlcUs.
1164 134 1262 184 731,

266 193 599 246 BLANDIOR,
619 192 713 236 UT
741 193 1037 238 PERIMAM.

114 259 257 311 Imago
273 253 502 296 adulatoris.

111 311 325 357 Daemonis
336 320 496 363 quoque
509 306 644 361 imago
656 304 722 347 ista
735 308 800 351 est.

365 439 721 494 CAPUT
782 440 958 489 XIII.

195 559 942 630 CYPRINUS
1023 565 1136 627 Seu

355 673 938 738 CARPUS.
1111 675 1115 679 ⁴

114 817 136 841 ¹⁰¹
162 812 401 860 CXLVIII.
429 811 581 867 Carpus
588 811 689 851 retia
690 809 767 865 pis
759 820 928 854 catorum
940 815 1090 870 evadit,
1091 817 1211 868 fundi

436 867 514 908 luto
530 867 602 916 sese
620 866 888 920 immergendo.

443 921 575 965 LUT
578 920 620 963 O
649 919 886 965 TUTUS.

113 978 360 1026 Humisstate
371 979 443 1022 tuti
457 978 477 1019 ὲ
488 977 701 1020 Daemonis
714 975 877 1020 caffibus
890 979 1037 1023 sumus.

167 1033 371 1078 CXLIX.
398 1034 553 1089 Carpus
569 1032 593 1072 ἁ
606 1032 745 1089 linguae
756 1034 890 1088 sapore
903 1036 1126 1091 plurimum

511 1088 806 1129 commendatus.

259 1143 501 1189 OPTIMA
530 1142 778 1187 LINGUA
807 1142 1020 1191 TACEN
1023 1148 1066 1194 S.

113 1204 160 1246 In
174 1199 812 1297 commendatiogssetgffeffllh.

296 1309 428 1354 DAT
457 1309 737 1353 PRETIUM
767 1309 1024 1357 LINGUA.

105 1370 152 1411 In
165 1368 387 1410 facundum
399 1365 636 1416 Oratorem,
651 1365 1005 1412 Concionatorem
1019 1370 1096 1414 ἃς.

133 1424 162 1452 *⁶
190 1423 301 1467 CLI.
332 1421 437 1462 Idem
448 1422 489 1459 ob
503 1421 676 1478 linguam
688 1420 712 1460 ἁ
724 1421 988 1474 Ptscacoribus
998 1428 1185 1480 quaesttus,

299 1475 542 1521 LINGUA
571 1475 774 1519 PARAT
801 1477 1023 1524 CASSES.

112 1541 162 1580 In
176 1532 426 1590 loquacitatis
437 1533 601 1575 damna.

369 1629 733 1714 CAPUT
797 1666 959 1717 x1v.

217 1783 1086 1853 DELPHINUS.

22 1973 26 1976 ,
87 1922 220 1967 CLII.
248 1920 438 1962 Custodes
457 1920 635 1975 Corporis
653 1922 883 1976 Sereniffimi
905 1923 1108 1982 Delphini,
1133 1931 1229 1979 Del·

187 1977 327 2035 phinos
336 1981 379 2017 in
391 1977 619 2032 tempesslate
630 1978 705 2025 fibi
713 1977 934 2021 colludentes
942 1981 1007 2024 hoc
1027 1983 1120 2026 lem-

448 2048 471 2072 a
491 2049 509 2072 e
531 2034 731 2087 inscriptos
752 2033 902 2075 habent.

310 2043 614 2132 PERnIaCtULA
642 2088 872 2132 LUDUS.
926 2091 1004 2139 Vel,

345 2142 429 2189 NE
459 2142 656 2190 CREDE
685 2143 982 2191 LUDENTl.

618 2198 701 2243 ΖΖ
733 2210 759 2254 5
1199 2210 1265 2270 ιτς
