1534 2568
196 123 291 174 γῳ
529 103 1025 154 APELLES

488 185 773 229 TEGMINE
802 186 1090 232 SECURUS.

246 243 390 297 Imago
401 242 609 294 eujusdam
623 242 690 283 sub
701 243 797 284 certi
813 242 1065 295 proteEh'one
1079 243 1216 287 securi.

265 297 295 327 ἶ*
324 297 461 344 CXL.
492 297 701 339 Crocodilus
722 298 904 350 masculus
929 298 1152 349 &femella
1171 300 1332 345 alternis

553 353 703 392 vicibus
729 368 805 393 ova
816 355 892 406 sua
901 359 1055 402 fovent.

501 406 804 451 ALTERNIS
834 408 1089 453 STUDIIS.

251 464 395 515 Imago
408 463 623 506 educandae
635 464 654 504 a
667 465 890 518 parentibus
901 466 1064 507 alternis
1074 467 1177 509 curis
1188 467 1328 521 prolis.

227 518 250 543 ‘¹
277 518 439 563 CXLI.
469 520 678 560 Crocodilus
690 520 810 559 nullos
819 525 863 560 in
873 520 1055 572 profundo
1068 522 1200 575 Pisces
1209 523 1378 564 devorat.

546 573 800 619 NULLOS
829 576 898 618 IN
927 576 1059 618 IMO.

252 630 398 685 Imago
411 630 646 673 humilitatis
659 630 678 671 a
690 630 903 673 Doemonis
916 632 1185 674 invafionibus
1199 632 1362 675 securae.
1441 648 1450 660 ·
1502 617 1518 687 ζ

271 685 294 709 *
320 685 498 731 CXLII.
531 686 742 728 Crocodilus
765 687 868 727 corde
875 686 1026 739 sublato
1046 688 1170 732 adhuc
1193 693 1327 742 vivit,

632 741 836 782 Berchorio
855 742 965 784 tes‘le.

432 795 566 839 SINE
597 796 803 840 CORDE
833 796 1178 842 SUPERSTES.
1204 827 1208 829 >

262 852 407 908 Imago
428 853 622 908 Religiofi
653 854 732 896 fine
765 857 934 909 propriae
968 855 1187 897 voluntatis
1208 854 1332 897 corde
1352 854 1412 896 vi·
1502 870 1512 920 {⁸

205 918 442 1007 vefthLl
450 965 462 1006 Ι
469 963 499 1005 Ι.
529 961 750 1005 Crocodilus
760 963 964 1005 Berchorio
972 963 1072 1006 teste
1083 967 1126 1004 in
1136 968 1248 1019 aquis
1257 963 1366 1006 hebe-

374 1030 453 1059 tem
465 1021 598 1069 visum
608 1019 760 1068 habens,
780 1025 823 1060 in
834 1020 959 1060 littore
968 1021 1174 1075 perspicax
1184 1019 1246 1070 est,

316 1074 386 1118 1N
413 1074 684 1118 LITTORE
711 1075 940 1118 CERNIT
970 1073 1268 1118 ACUTUM.

262 1131 311 1173 In
328 1132 462 1172 littore
485 1141 637 1172 aeternae
649 1132 850 1173 felicitatis
872 1131 1095 1172 constitutis
1118 1131 1417 1184 oculiprimum
1502 1133 1505 1178 f

207 1187 503 1237 illuminantur,
515 1188 563 1229 ad
577 1187 798 1229 videndum
810 1185 918 1229 clar&
930 1186 1084 1230 Deum.

280 1242 309 1272 ’κ
344 1241 487 1287 CXLI
495 1243 528 1284 V
537 1273 547 1283 .
575 1241 796 1283 Crocodilus
806 1243 850 1283 de
860 1242 924 1283 die
933 1248 976 1282 in
988 1241 1104 1294 terrd,
1116 1241 1161 1282 de
1171 1242 1274 1284 noble
1284 1247 1329 1284 in

537 1297 758 1348 fluminum
777 1303 890 1350 aquis
910 1297 1077 1339 habitat.

478 1352 565 1395 AD
593 1354 625 1395 F
633 1352 885 1400 LUMINA
913 1352 1142 1396 NOCTE.

270 1407 414 1462 Imago
426 1420 586 1450 eorum,
597 1409 716 1461 quiin
729 1411 775 1450 ad
783 1409 982 1452 versatum
994 1422 1128 1451 rerum
1142 1406 1261 1451 nodie
1272 1407 1320 1451 ad
1334 1422 1419 1465 poe·
1502 1460 1504 1463 Ι

212 1462 390 1508 nitentiae
402 1464 570 1504 flumina
584 1475 800 1507 recurrunt.

374 1519 394 1541 *
425 1517 609 1565 CXLV.
638 1518 849 1560 Crocodilus
869 1522 914 1559 in
931 1518 1061 1575 hyeme
1078 1518 1191 1571 latet,
1209 1522 1255 1559 in

686 1590 779 1614 vere
789 1576 935 1628 prodit.

497 1627 583 1671 AD
612 1628 824 1671 RIGIDA
853 1629 1135 1673 CONDOR.

271 1684 416 1747 Imago
437 1683 654 1739 Religiofi‚
674 1687 739 1738 qui
755 1686 906 1738 primus
928 1697 1009 1728 erat
1032 1688 1071 1727 in
1093 1687 1422 1742 recreationibus,
1503 1682 1505 1697 ³

215 1742 383 1787 ultimus
395 1754 433 1780 ιη
450 1741 837 1782 mortificationibus.

388 1794 408 1818 '⁸‘
437 1794 639 1839 CXLVI.
668 1795 890 1835 Crocodilus
910 1799 1077 1835 minime
1097 1794 1253 1836 clamat.

494 1850 627 1893 SINE
659 1851 819 1894 VOCE
847 1850 1122 1896 FEROCES.

274 1907 419 1962 Imago
434 1908 562 1949 tacitae
575 1906 767 1949 νὶηάἰὲὶεε.

275 1963 419 2012 Imago
434 1961 686 2005 Daemonum
700 1960 955 2015 tacioejustos
968 1961 1301 2016 persequentium.

220 2019 249 2052 Q
278 2017 501 2061 CXLVII.
531 2018 566 2057 C
568 2018 723 2057 rocodili
728 2023 908 2075 gingivas
919 2018 1087 2058 titillans
1096 2016 1290 2068 trochilus,
1313 2016 1422 2057 hiare
1503 2037 1505 2074 ᾗ

302 2088 390 2119 cum
401 2076 507 2127 facit
522 2074 644 2129 sicque
654 2073 815 2114 eundem
828 2072 1058 2130 ingrediens,
1077 2075 1202 2127 ipsum
1215 2084 1337 2125 necat,

483 2140 662 2178 ventrem
681 2129 766 2179 ejus
782 2131 906 2185 morsu
917 2127 1156 2186 perforando.

1237 2181 1427 2233 BLAN·
1504 2153 1528 2215 Ἀ
