1534 2568
245 118 346 173 684
593 114 637 162 A
668 115 705 161 P
734 114 776 162 E
806 114 851 161 L
882 115 927 162 L
956 115 998 164 E
1043 119 1074 167 S

291 195 319 222 *Ζ
341 193 528 239 DCXII.
562 194 846 250 Lepusfiffula'
866 195 1009 247 inflata*
1034 213 1145 239 aures
1167 203 1324 257 erigens,
1345 215 1389 241 ac

504 250 1158 352 Kffiii‘is‘ssff'ssssffrfflss‘s‘}

289 363 336 405 In
354 362 530 414 pericula
542 375 700 414 eorum,
713 366 779 416 qui
793 363 1008 406 obscoenos
1020 376 1160 408 cantus
1171 368 1352 410 audiunt.

288 419 309 441 *
338 418 542 462 DCXIH.
570 419 699 473 Lepus
717 419 762 458 de
785 417 914 473 hyeme
932 424 977 461 in
1000 422 1186 476 rigoribus
1205 428 1371 464 nivium

521 490 570 514 ex
590 474 778 530 vestigiis
793 520 795 522 ,
800 474 913 519 facile
938 476 1163 530 capiendus.

498 530 609 574 PER
638 529 851 573 RIGIDA
880 530 1170 576 LETHUM.

282 586 426 643 Imago
438 599 597 640 eorum,
612 599 713 641 quos
727 587 948 630 indiscretis
963 589 1159 644 rigoribus
1169 589 1217 632 ad
1230 589 1348 632 eaffes
1360 590 1442 634 dia-

232 644 348 684 bolus
362 644 492 685 trahit.

312 699 342 727 ’ἴ
371 698 577 742 DCXIV.
606 698 766 752 Lepores
787 697 932 738 cubilia
942 700 1019 749 sua
1035 699 1135 747 saltu
1151 711 1338 757 repetunt.

580 753 829 797 CUBILIA
863 748 1085 798 SALTU.

286 811 430 863 Imago
442 822 587 851 eorum
609 810 864 864 Martyrum,
889 813 955 864 qui
969 812 1015 852 ad
1040 822 1230 855 aerernam
1257 814 1438 868 requiem

227 865 435 908 transmiffi
458 866 568 916 sunt,
589 879 686 908 eum
699 878 747 907 ex
772 864 885 909 scalis
905 868 1189 921 patibularibus
1209 868 1309 913 saltu
1330 872 1435 924 quafi

226 923 344 975 dejici
359 922 395 962 se
406 921 498 973 paffi
512 922 597 963 sunt
612 936 684 976 pro
697 922 812 965 Deo,

274 980 296 1001 *
325 977 509 1021 CDXV.
539 978 668 1030 Lepus
675 977 823 1027 sinuosis
835 977 1009 1028 flexibus
1019 994 1152 1021 canem
1167 983 1383 1036 exagitans.

513 1032 832 1077 AGITATUS
862 1032 1154 1077 EXAGITO.

276 1087 434 1132 Eorum
455 1088 690 1144 Martyrum
704 1091 864 1145 imago,
883 1091 950 1144 qui
967 1091 1007 1132 in
1027 1090 1238 1147 Martyriis
1261 1091 1338 1135 suis
1348 1091 1434 1147 Ty·
1502 1087 1506 1160 ᾗ
1523 1119 1532 1130 .

225 1160 376 1190 rannos
390 1145 490 1188 mire
504 1147 761 1200 exagitarunt.

280 1203 447 1257 Spiritus
459 1215 628 1245 carnem
641 1201 877 1258 exagitantis
888 1201 1038 1257 imago.

251 1259 274 1281 ¹*
301 1257 508 1302 DCXVL
544 1259 705 1311 Lepores
724 1258 842 1298 oculis
854 1264 995 1312 apertis
1003 1259 1156 1309 fimper
1167 1257 1406 1300 dormientes.

293 1313 551 1358 MAXIME
580 1313 826 1364 VIGILES,
857 1313 1112 1357 MAXIME
1143 1313 1362 1357 TIMIDI.

272 1371 557 1413 prudentiores
570 1374 805 1425 plerumque
818 1371 1043 1412 timidiores
1058 1371 1207 1412 videas.

247 1426 270 1450 ²*
289 1426 516 1470 DCXVII.
548 1428 676 1477 Lepus
687 1426 710 1465 ἀ
724 1426 883 1465 canibus
887 1426 1104 1480 persecutus
1116 1425 1336 1466 celerrimus
1346 1425 1406 1479 est.
1479 1438 1487 1445 ·

466 1480 860 1525 PERSECUTUS
892 1480 1156 1524 AGILIOR.

280 1539 422 1594 Imago
433 1540 624 1592 plurium,
635 1539 701 1592 qui
716 1537 1055 1593 persecutionibus
1075 1537 1329 1580 excitatiores
1339 1535 1432 1580 faeti

221 1595 324 1638 ium·
343 1651 364 1674 Ι*
391 1648 435 1692 D
439 1648 639 1692 CXVIII·
669 1649 799 1701 Lepus
813 1647 948 1688 multis
961 1648 1122 1688 canibus
1135 1648 1297 1704 obsessus·

433 1705 674 1748 VIRIBUS
706 1704 1047 1747 IMPARIBUS.
1111 1705 1216 1760 Virg.

277 1761 418 1815 Imago
443 1763 620 1804 hominis
654 1761 738 1816 post
752 1761 916 1802 diiatam
941 1763 1007 1803 diu
1032 1761 1312 1816 poenirentiam
1337 1772 1429 1801 mo-

220 1818 402 1869 ribundi,
420 1818 584 1872 quando
605 1819 723 1860 tantis
753 1818 991 1860 daemonum
1029 1818 1315 1861 tentationibus
1351 1817 1429 1859 irn-

224 1874 506 1972 pirISIEXIX.
533 1929 662 1980 Lepus
678 1928 953 1981 posterioribus
975 1927 1135 1982 pedibus
1157 1927 1394 1968 claudicans.

271 1984 529 2027 MAXIME
556 1983 818 2035 CLAUD1‚
849 1983 1106 2028 MAXIME
1136 1983 1363 2027 AGILES.

271 2042 477 2091 Adagium
489 2041 557 2089 est,
587 2040 623 2080 C
625 2040 753 2081 laudos
762 2041 956 2082 ordinario
966 2040 1145 2081 choraedos
1161 2040 1345 2096 effivelle.

247 2095 269 2119 ¹⁸
294 2095 480 2140 DCXX.
510 2096 639 2152 Lepus
655 2097 814 2148 femella
834 2097 1069 2159 pqrdiversa
1084 2097 1162 2137 lora
1174 2097 1396 2148 foetussuos

460 2153 628 2209 spargit,
648 2168 695 2194 ne
714 2168 840 2196 omnes
847 2152 973 2205 stmul
990 2157 1166 2197 amittat.

1261 2205 1424 2251 SPAR-
