1534 2568
123 209 125 211 .
313 140 1052 195 SYMBOLICUS.
1183 160 1271 208 373

94 220 214 267 SUA
253 220 486 275 CUIQUE
514 220 695 274 DEUS,
731 222 830 266 FIT
856 222 1004 267 DIRA
1033 220 1280 268 CUPIDO.

145 279 189 320 ln
202 278 401 330 homines»,
414 280 606 321 ultimum
617 278 730 321 suum
741 281 888 332 finem,
908 283 949 322 in
960 278 1118 321 divetfis
1128 288 1282 320 creatu-

92 333 142 374 ris
154 336 415 375 collocantes.

146 389 166 410 *
193 387 498 431 CCLXXVII.
525 387 639 429 Part}
647 388 840 441 stmflrum
841 389 1047 445 judicium
1059 387 1102 429 de
1113 388 1238 430 tribus

520 444 677 484 Deabus
692 448 855 491 capiens,

438 498 698 552 QUARTA
726 499 928 544 DEEST.

147 552 192 594 In
206 552 254 595 B.
267 553 492 609 Virginem,
510 556 574 596 cui
584 556 710 609 quivis
732 558 855 599 etiarn
879 553 1193 600 obscoeniffimus
1204 554 1275 597 Pa·

89 607 141 651 ris
151 609 360 651 subscribet
372 610 448 651 effe
461 624 552 652 eam

218 664 429 705 Pulchram
439 675 556 706 totam
567 664 621 711 fif?
633 665 712 713 sine
723 667 875 708 macula
884 671 1004 711 omni.

145 719 349 765 Christinae
369 720 591 763 Succorum
613 721 777 776 Reginae
789 755 800 774 ‚
821 728 1044 771 acclamata
1064 720 1280 778 aliquando

89 780 129 817 in
143 775 283 830 Belgio
291 777 496 827 Carmina,
510 779 572 819 hic
583 791 783 831 apponere
797 780 932 821 liceat.

140 831 284 883 Pallas,
294 832 411 883 June,
423 835 561 884 Venus,
574 839 763 885 nemorosa·
772 840 815 875 in
827 835 994 876 vallibus
1002 832 1079 876 ldae

230 886 585 940 Judiciumformae‚
596 904 682 928 cum
686 890 721 940 s
713 890 840 932 abiere
837 895 919 945 sua:
930 905 939 933 :

141 941 243 983 Inter
250 953 326 982 tres
332 942 511 998 reliquas,
522 945 562 994 st
567 954 612 984 tu
624 943 713 985 Dea
722 958 859 1002 quarta
857 946 1002 1002 suffles,

249 999 285 1039 V
281 998 398 1053 ictsses
409 998 588 1055 reliquas,
597 1010 640 1040 tu
653 999 740 1041 Dea
751 1013 889 1057 quarta
901 1004 1022 1046 Deus,

135 1052 269 1111 Quam>
272 1053 410 1107 jejuna
412 1056 514 1105 foret
518 1055 622 1104 szo
633 1060 651 1097 ,²
663 1070 780 1111 quam
783 1058 932 1113 pallida
945 1055 1081 1098 Pallas
1092 1060 1113 1098 ?

242 1109 298 1150 Et
307 1123 421 1165 quam
433 1124 542 1151 vana
555 1114 597 1153 V
590 1116 710 1154 enus?
729 1112 791 1154 Tu
805 1113 893 1155 Dea
903 1114 985 1166 sola
993 1114 1106 1165 fores.

353 1189 711 1294 CAPUT
773 1245 994 1296 XLVI.

306 1349 353 1408 P
413 1349 459 1408 E
521 1349 575 1409 G
639 1354 697 1412 A
759 1352 793 1410 s
856 1311 918 1411 U
980 1352 1051 1433 s„

107 1487 128 1512 ⁴
148 1487 471 1532 CCLXXVIII.
501 1489 662 1546 Pegasi),
685 1490 1033 1539 Vratsslavienfium
1056 1489 1270 1536 Veredario-

223 1560 311 1587 rum
323 1545 520 1602 Magtfler,
530 1546 765 1599 Clariffimus
777 1551 866 1601 Vir,
877 1546 1114 1594 Sebastianus

483 1600 568 1652 Pes
561 1601 650 1652 chel,
668 1603 860 1655 inscripsit.

337 1655 405 1698 IN
435 1655 673 1700 OMNEM
698 1658 974 1703 TERRAM.

129 1712 173 1752 In
186 1710 378 1753 Caeffireas
392 1712 538 1762 postas,
548 1714 595 1755 ad
608 1716 750 1767 quaevis
765 1718 857 1757 loca
865 1714 943 1756 sese
955 1715 1232 1758 extendentes.

129 1768 173 1809 In
195 1768 500 1812 immenfitatem
511 1767 570 1812 D.
581 1769 680 1813 Dei.

100 1821 120 1843 *
137 1821 419 1865 CCLXXIX.
447 1820 614 1879 Pegasus
622 1826 875 1866 anterioribus
878 1826 1050 1883 pedibus,
1059 1829 1102 1866 in
1112 1841 1236 1867 aerem

237 1877 357 1917 elatus
376 1876 428 1923 εἷς)
436 1879 690 1931 pqsterioribus
709 1892 850 1922 terram
869 1889 1100 1938 contingens.

282 1933 464 1976 HAUD
491 1933 720 1980 SPERNO
751 1936 1046 1981 SUPERNA.

122 1989 166 2029 In
179 1999 273 2029 eum
286 2019 298 2040 ,
317 1990 383 2042 qui
397 2000 558 2032 terreno
580 1994 673 2035 huic
683 1994 988 2049 corpotiaffixus
1001 2024 1013 2046 ,
1036 1991 1261 2043 coelestium

0 2033 1 2039 ἵ
71 2044 333 2089 nihilominus
343 2057 482 2087 curam
493 2046 622 2088 habet.

175 2099 194 2121 *
222 2099 484 2145 CCLXXX.
512 2102 655 2211 Pegefso
671 2102 845 2197 violanti,
864 2101 1143 2160 Harsdorfferus

570 2173 613 2200 m
631 2173 684 2197 ενι
713 2169 761 2202 ιι.

617 2213 691 2257 Aa
720 2224 743 2267 3
1155 2210 1257 2255 SU-
