<?xml version="1.0" encoding="UTF-8"?>
<!DOCTYPE html PUBLIC "-//W3C//DTD XHTML 1.0 Transitional//EN"
    "http://www.w3.org/TR/xhtml1/DTD/xhtml1-transitional.dtd">
<html xmlns="http://www.w3.org/1999/xhtml" xml:lang="en" lang="en">
 <head>
  <title>
</title>
<meta http-equiv="Content-Type" content="text/html;charset=utf-8" />
  <meta name='ocr-system' content='tesseract 3.04.00' />
  <meta name='ocr-capabilities' content='ocr_page ocr_carea ocr_par ocr_line ocrx_word'/>
</head>
<body>
  <div class='ocr_page' id='page_1' title='image "./joannismichaelis00kett_0892.png"; bbox 0 0 1534 2568; ppageno 0'>
   <div class='ocr_carea' id='block_1_1' title="bbox 232 107 1087 160">
    <p class='ocr_par' dir='ltr' id='par_1_1' title="bbox 232 107 1087 160">
     <span class='ocr_line' id='line_1_1' title="bbox 232 107 1087 160; baseline 0.002 -2"><span class='ocrx_word' id='word_1_1' title='bbox 232 112 332 158; x_wconf 89' lang='lat'>866</span> <span class='ocrx_word' id='word_1_2' title='bbox 591 107 1087 160; x_wconf 88' lang='lat' dir='ltr'><strong>APELLES</strong></span> 
     </span>
    </p>
   </div>
   <div class='ocr_carea' id='block_1_2' title="bbox 226 183 1439 901">
    <p class='ocr_par' dir='ltr' id='par_1_2' title="bbox 307 183 1356 343">
     <span class='ocr_line' id='line_1_2' title="bbox 307 183 1356 243; baseline 0.003 -12"><span class='ocrx_word' id='word_1_3' title='bbox 307 183 634 231; x_wconf 83' lang='lat' dir='ltr'>CCCXCVHI.</span> <span class='ocrx_word' id='word_1_4' title='bbox 663 183 711 225; x_wconf 88' lang='lat' dir='ltr'>ln</span> <span class='ocrx_word' id='word_1_5' title='bbox 736 185 832 227; x_wconf 64' lang='lat' dir='ltr'><em>vita*</em></span> <span class='ocrx_word' id='word_1_6' title='bbox 847 186 902 230; x_wconf 87' lang='grc' dir='ltr'>Β.</span> <span class='ocrx_word' id='word_1_7' title='bbox 919 186 1127 243; x_wconf 79' lang='lat' dir='ltr'><em>Josaphati</em></span> <span class='ocrx_word' id='word_1_8' title='bbox 1147 188 1356 243; x_wconf 83' lang='lat' dir='ltr'><em>Polocenfis</em></span> 
     </span>
     <span class='ocr_line' id='line_1_3' title="bbox 535 239 1150 295; baseline 0.005 -15"><span class='ocrx_word' id='word_1_9' title='bbox 535 239 743 295; x_wconf 82' lang='lat' dir='ltr'><em>ArchiEp.</em></span> <span class='ocrx_word' id='word_1_10' title='bbox 762 245 893 295; x_wconf 84' lang='lat' dir='ltr'><em>piperi</em></span> <span class='ocrx_word' id='word_1_11' title='bbox 911 243 1054 282; x_wconf 83' lang='lat' dir='ltr'>lemma</span> <span class='ocrx_word' id='word_1_12' title='bbox 1075 242 1150 284; x_wconf 69' lang='lat' dir='ltr'>efl.</span> 
     </span>
     <span class='ocr_line' id='line_1_4' title="bbox 352 295 1312 343; baseline 0 -3"><span class='ocrx_word' id='word_1_13' title='bbox 352 295 681 340; x_wconf 89' lang='lat' dir='ltr'>INSIPIDUM</span> <span class='ocrx_word' id='word_1_14' title='bbox 708 295 1044 342; x_wconf 87' lang='lat' dir='ltr'>CONDITUR</span> <span class='ocrx_word' id='word_1_15' title='bbox 1075 298 1312 343; x_wconf 88' lang='lat' dir='ltr'><strong>AMARO.</strong></span> 
     </span>
    </p>

    <p class='ocr_par' dir='ltr' id='par_1_3' title="bbox 226 350 1439 461">
     <span class='ocr_line' id='line_1_5' title="bbox 285 350 1439 412; baseline 0.003 -16"><span class='ocrx_word' id='word_1_16' title='bbox 285 355 333 396; x_wconf 90' lang='lat' dir='ltr'>In</span> <span class='ocrx_word' id='word_1_17' title='bbox 355 354 532 395; x_wconf 87' lang='lat' dir='ltr'>eundem</span> <span class='ocrx_word' id='word_1_18' title='bbox 563 350 759 395; x_wconf 63' lang='lat' dir='ltr'>Sanaurn</span> <span class='ocrx_word' id='word_1_19' title='bbox 781 354 923 397; x_wconf 86' lang='lat' dir='ltr'>hausto</span> <span class='ocrx_word' id='word_1_20' title='bbox 956 367 1006 396; x_wconf 84' lang='lat' dir='ltr'>ex</span> <span class='ocrx_word' id='word_1_21' title='bbox 1028 355 1142 397; x_wconf 88' lang='lat' dir='ltr'>foedo</span> <span class='ocrx_word' id='word_1_22' title='bbox 1173 358 1308 398; x_wconf 85' lang='lat' dir='ltr'>ulcere</span> <span class='ocrx_word' id='word_1_23' title='bbox 1328 369 1439 412; x_wconf 88' lang='lat' dir='ltr'>pure,</span> 
     </span>
     <span class='ocr_line' id='line_1_6' title="bbox 226 407 712 461; baseline -0.014 -4"><span class='ocrx_word' id='word_1_24' title='bbox 226 412 378 457; x_wconf 83' lang='lat' dir='ltr'>fastidia</span> <span class='ocrx_word' id='word_1_25' title='bbox 394 407 457 450; x_wconf 81' lang='lat' dir='ltr'>fibi</span> <span class='ocrx_word' id='word_1_26' title='bbox 472 410 712 461; x_wconf 81' lang='lat' dir='ltr'><strong>pellentem.</strong></span> 
     </span>
    </p>

    <p class='ocr_par' dir='ltr' id='par_1_4' title="bbox 328 462 1333 566">
     <span class='ocr_line' id='line_1_7' title="bbox 328 462 1333 513; baseline 0 -5"><span class='ocrx_word' id='word_1_27' title='bbox 328 466 356 495; x_wconf 54' lang='lat'>⁷*</span> <span class='ocrx_word' id='word_1_28' title='bbox 385 462 664 508; x_wconf 84' lang='lat' dir='ltr'>CCCXCIX.</span> <span class='ocrx_word' id='word_1_29' title='bbox 698 462 821 513; x_wconf 80' lang='lat' dir='ltr'><em>Piper</em></span> <span class='ocrx_word' id='word_1_30' title='bbox 839 465 1011 506; x_wconf 83' lang='lat' dir='ltr'>ciborum</span> <span class='ocrx_word' id='word_1_31' title='bbox 1032 465 1333 511; x_wconf 82' lang='lat' dir='ltr'><em>condimentum.</em></span> 
     </span>
     <span class='ocr_line' id='line_1_8' title="bbox 496 518 1163 566; baseline 0.006 -5"><span class='ocrx_word' id='word_1_32' title='bbox 496 518 852 564; x_wconf 90' lang='lat' dir='ltr'>CONDENDO</span> <span class='ocrx_word' id='word_1_33' title='bbox 883 518 1163 566; x_wconf 87' lang='lat' dir='ltr'><strong>MORDET.</strong></span> 
     </span>
    </p>

    <p class='ocr_par' dir='ltr' id='par_1_5' title="bbox 279 575 1438 632">
     <span class='ocr_line' id='line_1_9' title="bbox 279 575 1438 632; baseline 0 -12"><span class='ocrx_word' id='word_1_34' title='bbox 279 579 422 632; x_wconf 84' lang='lat' dir='ltr'>Imago</span> <span class='ocrx_word' id='word_1_35' title='bbox 446 575 649 618; x_wconf 83' lang='lat' dir='ltr'>mordacis</span> <span class='ocrx_word' id='word_1_36' title='bbox 662 575 798 617; x_wconf 84' lang='lat' dir='ltr'>Po&#39;e&#39;tae</span> <span class='ocrx_word' id='word_1_37' title='bbox 811 607 822 629; x_wconf 91' lang='lat'>‚</span> <span class='ocrx_word' id='word_1_38' title='bbox 840 577 1053 630; x_wconf 86' lang='lat' dir='ltr'>quiversus</span> <span class='ocrx_word' id='word_1_39' title='bbox 1074 577 1294 621; x_wconf 88' lang='lat' dir='ltr'>condendo</span> <span class='ocrx_word' id='word_1_40' title='bbox 1305 577 1438 621; x_wconf 89' lang='lat' dir='ltr'>conti-</span> 
     </span>
    </p>

    <p class='ocr_par' dir='ltr' id='par_1_6' title="bbox 227 632 1278 901">
     <span class='ocr_line' id='line_1_10' title="bbox 227 632 574 679; baseline -0.012 -3"><span class='ocrx_word' id='word_1_41' title='bbox 227 647 310 679; x_wconf 83' lang='lat' dir='ltr'>nuo</span> <span class='ocrx_word' id='word_1_42' title='bbox 325 633 494 676; x_wconf 77' lang='lat' dir='ltr'>mordax</span> <span class='ocrx_word' id='word_1_43' title='bbox 509 632 574 673; x_wconf 88' lang='lat' dir='ltr'>est.</span> 
     </span>
     <span class='ocr_line' id='line_1_11' title="bbox 383 686 1278 741; baseline 0.003 -14"><span class='ocrx_word' id='word_1_44' title='bbox 383 687 482 732; x_wconf 81' lang='lat' dir='ltr'>CD.</span> <span class='ocrx_word' id='word_1_45' title='bbox 514 688 640 739; x_wconf 80' lang='lat' dir='ltr'><em>Piper</em></span> <span class='ocrx_word' id='word_1_46' title='bbox 659 687 855 735; x_wconf 79' lang='lat' dir='ltr'>contusum</span> <span class='ocrx_word' id='word_1_47' title='bbox 876 701 966 727; x_wconf 89' lang='lat' dir='ltr'>cum</span> <span class='ocrx_word' id='word_1_48' title='bbox 986 687 1116 740; x_wconf 87' lang='lat' dir='ltr'>exilit,</span> <span class='ocrx_word' id='word_1_49' title='bbox 1136 686 1278 741; x_wconf 82' lang='lat' dir='ltr'><em>diffilit.</em></span> 
     </span>
     <span class='ocr_line' id='line_1_12' title="bbox 527 740 1129 789; baseline 0.003 -3"><span class='ocrx_word' id='word_1_50' title='bbox 527 742 781 786; x_wconf 88' lang='lat' dir='ltr'>DISSILIT</span> <span class='ocrx_word' id='word_1_51' title='bbox 810 740 1129 789; x_wconf 89' lang='lat' dir='ltr'><strong>EXSILIENS.</strong></span> 
     </span>
     <span class='ocr_line' id='line_1_13' title="bbox 278 798 863 856; baseline -0.009 -12"><span class='ocrx_word' id='word_1_52' title='bbox 278 801 424 856; x_wconf 86' lang='lat' dir='ltr'>Imago</span> <span class='ocrx_word' id='word_1_53' title='bbox 438 800 628 843; x_wconf 80' lang='lat' dir='ltr'>diffolutae</span> <span class='ocrx_word' id='word_1_54' title='bbox 641 798 863 841; x_wconf 82' lang='lat' dir='ltr'>hilaritatis.</span> 
     </span>
     <span class='ocr_line' id='line_1_14' title="bbox 596 853 1064 901; baseline -0.004 -6"><span class='ocrx_word' id='word_1_55' title='bbox 596 853 714 896; x_wconf 78' lang='lat' dir='ltr'><strong>CDI·</strong></span> <span class='ocrx_word' id='word_1_56' title='bbox 744 853 888 901; x_wconf 78' lang='lat' dir='ltr'>Piperi</span> <span class='ocrx_word' id='word_1_57' title='bbox 910 853 1064 894; x_wconf 81' lang='lat' dir='ltr'>lemma.</span> 
     </span>
    </p>
   </div>
   <div class='ocr_carea' id='block_1_3' title="bbox 277 907 1194 1021">
    <p class='ocr_par' dir='ltr' id='par_1_7' title="bbox 277 907 1194 1021">
     <span class='ocr_line' id='line_1_15' title="bbox 467 907 1194 963; baseline -0.004 -11"><span class='ocrx_word' id='word_1_58' title='bbox 467 909 716 961; x_wconf 89' lang='lat' dir='ltr'>MELIUS,</span> <span class='ocrx_word' id='word_1_59' title='bbox 745 907 927 963; x_wconf 91' lang='lat' dir='ltr'>QUOD</span> <span class='ocrx_word' id='word_1_60' title='bbox 954 908 1194 953; x_wconf 66' lang='lat' dir='ltr'>ACRIUS,</span> 
     </span>
     <span class='ocr_line' id='line_1_16' title="bbox 277 964 1186 1021; baseline -0.007 -10"><span class='ocrx_word' id='word_1_61' title='bbox 277 965 628 1011; x_wconf 86' lang='lat' dir='ltr'>Mortificationes</span> <span class='ocrx_word' id='word_1_62' title='bbox 640 966 858 1020; x_wconf 84' lang='lat' dir='ltr'>asperiores</span> <span class='ocrx_word' id='word_1_63' title='bbox 870 964 968 1009; x_wconf 93' lang='lat' dir='ltr'>Deo</span> <span class='ocrx_word' id='word_1_64' title='bbox 978 967 1186 1021; x_wconf 83' lang='lat' dir='ltr'>gratiores.</span> 
     </span>
    </p>
   </div>
   <div class='ocr_carea' id='block_1_4' title="bbox 318 1083 1346 1271">
    <p class='ocr_par' dir='ltr' id='par_1_8' title="bbox 318 1083 1346 1271">
     <span class='ocr_line' id='line_1_17' title="bbox 495 1083 1152 1135; baseline -0.003 0"><span class='ocrx_word' id='word_1_65' title='bbox 495 1085 540 1135; x_wconf 83' lang='lat' dir='ltr'><strong>c</strong></span> <span class='ocrx_word' id='word_1_66' title='bbox 574 1086 689 1135; x_wconf 82' lang='grc' dir='ltr'>ΑΡ</span> <span class='ocrx_word' id='word_1_67' title='bbox 723 1083 775 1134; x_wconf 86' lang='lat' dir='ltr'><strong>U</strong></span> <span class='ocrx_word' id='word_1_68' title='bbox 810 1086 858 1135; x_wconf 88' lang='lat' dir='ltr'>T</span> <span class='ocrx_word' id='word_1_69' title='bbox 924 1084 1152 1134; x_wconf 59' lang='lat' dir='ltr'>xxvi</span> 
     </span>
     <span class='ocr_line' id='line_1_18' title="bbox 318 1204 1346 1271; baseline -0.003 -4"><span class='ocrx_word' id='word_1_70' title='bbox 318 1206 663 1270; x_wconf 89' lang='lat' dir='ltr'><strong>PINUS.</strong></span> <span class='ocrx_word' id='word_1_71' title='bbox 712 1205 945 1271; x_wconf 88' lang='lat' dir='ltr'>NUX</span> <span class='ocrx_word' id='word_1_72' title='bbox 991 1204 1346 1270; x_wconf 90' lang='lat' dir='ltr'>PINEA.</span> 
     </span>
    </p>
   </div>
   <div class='ocr_carea' id='block_1_5' title="bbox 254 1304 1413 1749">
    <p class='ocr_par' dir='ltr' id='par_1_9' title="bbox 254 1304 1413 1749">
     <span class='ocr_line' id='line_1_19' title="bbox 254 1304 1411 1361; baseline -0.005 -11"><span class='ocrx_word' id='word_1_73' title='bbox 254 1306 277 1330; x_wconf 77' lang='lat'>&#39;⁸&#39;</span> <span class='ocrx_word' id='word_1_74' title='bbox 303 1306 440 1350; x_wconf 87' lang='lat' dir='ltr'><strong>CDII.</strong></span> <span class='ocrx_word' id='word_1_75' title='bbox 470 1305 576 1347; x_wconf 80' lang='lat' dir='ltr'>Nux</span> <span class='ocrx_word' id='word_1_76' title='bbox 581 1309 702 1361; x_wconf 86' lang='lat' dir='ltr'><em>pinea</em></span> <span class='ocrx_word' id='word_1_77' title='bbox 714 1305 747 1356; x_wconf 89' lang='lat' dir='ltr'><strong><em>s</em></strong></span> <span class='ocrx_word' id='word_1_78' title='bbox 741 1304 792 1344; x_wconf 86' lang='lat' dir='ltr'>ub</span> <span class='ocrx_word' id='word_1_79' title='bbox 802 1304 933 1345; x_wconf 81' lang='lat' dir='ltr'><em>arbore</em></span> <span class='ocrx_word' id='word_1_80' title='bbox 941 1314 1074 1359; x_wconf 80' lang='lat' dir='ltr'><em>aperta</em></span> <span class='ocrx_word' id='word_1_81' title='bbox 1071 1305 1224 1359; x_wconf 81' lang='lat' dir='ltr'>jacens,</span> <span class='ocrx_word' id='word_1_82' title='bbox 1236 1307 1411 1345; x_wconf 76' lang='lat' dir='ltr'>omnium</span> 
     </span>
     <span class='ocr_line' id='line_1_20' title="bbox 632 1360 1032 1415; baseline -0.003 -15"><span class='ocrx_word' id='word_1_83' title='bbox 632 1360 795 1415; x_wconf 86' lang='lat' dir='ltr'><em>pedibus</em></span> <span class='ocrx_word' id='word_1_84' title='bbox 809 1363 1032 1415; x_wconf 80' lang='lat' dir='ltr'><em>proteritur.</em></span> 
     </span>
     <span class='ocr_line' id='line_1_21' title="bbox 524 1414 1147 1459; baseline -0.008 -1"><span class='ocrx_word' id='word_1_85' title='bbox 524 1414 867 1459; x_wconf 80' lang='lat' dir='ltr'>CALCATUR</span> <span class='ocrx_word' id='word_1_86' title='bbox 896 1414 1147 1459; x_wconf 83' lang='lat' dir='ltr'>APERTA.</span> 
     </span>
     <span class='ocr_line' id='line_1_22' title="bbox 284 1469 1356 1526; baseline -0.005 -12"><span class='ocrx_word' id='word_1_87' title='bbox 284 1472 585 1526; x_wconf 85' lang='lat' dir='ltr'>Contemptum</span> <span class='ocrx_word' id='word_1_88' title='bbox 601 1472 715 1513; x_wconf 86' lang='lat' dir='ltr'>nimii</span> <span class='ocrx_word' id='word_1_89' title='bbox 726 1471 914 1512; x_wconf 80' lang='lat' dir='ltr'>candoris</span> <span class='ocrx_word' id='word_1_90' title='bbox 925 1469 1145 1513; x_wconf 86' lang='lat' dir='ltr'>Emblema</span> <span class='ocrx_word' id='word_1_91' title='bbox 1156 1469 1356 1524; x_wconf 79' lang='lat' dir='ltr'>exprimit.</span> 
     </span>
     <span class='ocr_line' id='line_1_23' title="bbox 257 1523 1413 1582; baseline -0.005 -12"><span class='ocrx_word' id='word_1_92' title='bbox 257 1528 416 1570; x_wconf 86' lang='lat' dir='ltr'><strong>CDIII.</strong></span> <span class='ocrx_word' id='word_1_93' title='bbox 449 1529 585 1568; x_wconf 81' lang='lat' dir='ltr'><em>Pineae</em></span> <span class='ocrx_word' id='word_1_94' title='bbox 595 1528 689 1566; x_wconf 81' lang='lat' dir='ltr'><em>nuci</em></span> <span class='ocrx_word' id='word_1_95' title='bbox 698 1525 830 1577; x_wconf 82' lang='lat' dir='ltr'><em>clausae</em></span> <span class='ocrx_word' id='word_1_96' title='bbox 852 1527 953 1580; x_wconf 82' lang='lat' dir='ltr'><em>(quae</em></span> <span class='ocrx_word' id='word_1_97' title='bbox 960 1536 1027 1580; x_wconf 86' lang='lat' dir='ltr'>pro</span> <span class='ocrx_word' id='word_1_98' title='bbox 1041 1526 1182 1582; x_wconf 81' lang='lat' dir='ltr'><em>instgni</em></span> <span class='ocrx_word' id='word_1_99' title='bbox 1202 1523 1413 1566; x_wconf 72' lang='lat' dir='ltr'><em>cardinali</em></span> 
     </span>
     <span class='ocr_line' id='line_1_24' title="bbox 321 1579 1323 1634; baseline 0 -12"><span class='ocrx_word' id='word_1_100' title='bbox 321 1583 667 1634; x_wconf 75' lang='lat' dir='ltr'>Bellarminofuit)</span> <span class='ocrx_word' id='word_1_101' title='bbox 680 1583 724 1620; x_wconf 90' lang='lat' dir='ltr'>in</span> <span class='ocrx_word' id='word_1_102' title='bbox 735 1579 902 1630; x_wconf 79' lang='lat' dir='ltr'>ejusdem</span> <span class='ocrx_word' id='word_1_103' title='bbox 913 1581 1075 1633; x_wconf 77' lang='lat' dir='ltr'>operibus</span> <span class='ocrx_word' id='word_1_104' title='bbox 1085 1582 1323 1634; x_wconf 82' lang='lat' dir='ltr'>inscribitur.</span> 
     </span>
     <span class='ocr_line' id='line_1_25' title="bbox 384 1635 1274 1688; baseline -0.002 -9"><span class='ocrx_word' id='word_1_105' title='bbox 384 1637 621 1688; x_wconf 87' lang='lat' dir='ltr'>CONDO,</span> <span class='ocrx_word' id='word_1_106' title='bbox 652 1635 732 1678; x_wconf 87' lang='lat' dir='ltr'>ET</span> <span class='ocrx_word' id='word_1_107' title='bbox 759 1635 1086 1682; x_wconf 87' lang='lat' dir='ltr'><strong>COMPONO.</strong></span> <span class='ocrx_word' id='word_1_108' title='bbox 1136 1635 1274 1677; x_wconf 80' lang='lat' dir='ltr'><em>Horat.</em></span> 
     </span>
     <span class='ocr_line' id='line_1_26' title="bbox 287 1692 1234 1749; baseline -0.001 -15"><span class='ocrx_word' id='word_1_109' title='bbox 287 1695 431 1749; x_wconf 82' lang='lat' dir='ltr'>Imago</span> <span class='ocrx_word' id='word_1_110' title='bbox 442 1694 643 1747; x_wconf 85' lang='lat' dir='ltr'>scriptoris</span> <span class='ocrx_word' id='word_1_111' title='bbox 655 1692 721 1734; x_wconf 88' lang='lat' dir='ltr'>sua</span> <span class='ocrx_word' id='word_1_112' title='bbox 731 1704 853 1746; x_wconf 87' lang='lat' dir='ltr'>opera</span> <span class='ocrx_word' id='word_1_113' title='bbox 866 1692 1052 1734; x_wconf 89' lang='lat' dir='ltr'>nondum</span> <span class='ocrx_word' id='word_1_114' title='bbox 1064 1692 1234 1734; x_wconf 78' lang='lat' dir='ltr'>edentis.</span> 
     </span>
    </p>
   </div>
   <div class='ocr_carea' id='block_1_6' title="bbox 233 1745 1520 1804">
    <p class='ocr_par' dir='ltr' id='par_1_10' title="bbox 233 1745 1520 1804">
     <span class='ocr_line' id='line_1_27' title="bbox 233 1745 1520 1804; baseline -0.004 -12"><span class='ocrx_word' id='word_1_115' title='bbox 233 1748 394 1792; x_wconf 89' lang='lat' dir='ltr'>CD1V.</span> <span class='ocrx_word' id='word_1_116' title='bbox 427 1749 488 1789; x_wconf 89' lang='lat' dir='ltr'>Ab</span> <span class='ocrx_word' id='word_1_117' title='bbox 499 1749 615 1790; x_wconf 84' lang='lat' dir='ltr'><em>altero</em></span> <span class='ocrx_word' id='word_1_118' title='bbox 625 1748 741 1789; x_wconf 83' lang='lat' dir='ltr'>latere</span> <span class='ocrx_word' id='word_1_119' title='bbox 754 1747 922 1803; x_wconf 84' lang='lat' dir='ltr'>Operum</span> <span class='ocrx_word' id='word_1_120' title='bbox 946 1747 1148 1789; x_wconf 79' lang='lat' dir='ltr'>eorundem</span> <span class='ocrx_word' id='word_1_121' title='bbox 1169 1756 1307 1804; x_wconf 80' lang='lat' dir='ltr'><em>apertae</em></span> <span class='ocrx_word' id='word_1_122' title='bbox 1316 1745 1447 1798; x_wconf 86' lang='lat' dir='ltr'><em>fimili</em></span> <span class='ocrx_word' id='word_1_123' title='bbox 1518 1773 1520 1775; x_wconf 59' lang='lat'>&gt;</span> 
     </span>
    </p>
   </div>
   <div class='ocr_carea' id='block_1_7' title="bbox 655 1803 1015 1854">
    <p class='ocr_par' dir='ltr' id='par_1_11' title="bbox 655 1803 1015 1854">
     <span class='ocr_line' id='line_1_28' title="bbox 655 1803 1015 1854; baseline 0 -10"><span class='ocrx_word' id='word_1_124' title='bbox 655 1806 750 1844; x_wconf 88' lang='lat' dir='ltr'><em>nuci</em></span> <span class='ocrx_word' id='word_1_125' title='bbox 773 1803 1015 1854; x_wconf 77' lang='lat' dir='ltr'><em>inscribitur.</em></span> 
     </span>
    </p>
   </div>
   <div class='ocr_carea' id='block_1_8' title="bbox 234 1856 1521 1914">
    <p class='ocr_par' dir='ltr' id='par_1_12' title="bbox 234 1856 1521 1914">
     <span class='ocr_line' id='line_1_29' title="bbox 234 1856 1521 1914; baseline -0.003 -12"><span class='ocrx_word' id='word_1_126' title='bbox 234 1858 386 1914; x_wconf 84' lang='lat' dir='ltr'>QUAE</span> <span class='ocrx_word' id='word_1_127' title='bbox 425 1858 569 1902; x_wconf 87' lang='lat' dir='ltr'>MOX</span> <span class='ocrx_word' id='word_1_128' title='bbox 596 1857 968 1902; x_wconf 88' lang='lat' dir='ltr'><strong>DEPROMERE</strong></span> <span class='ocrx_word' id='word_1_129' title='bbox 1005 1857 1236 1901; x_wconf 88' lang='lat' dir='ltr'>CONOR.</span> <span class='ocrx_word' id='word_1_130' title='bbox 1300 1856 1442 1901; x_wconf 84' lang='lat' dir='ltr'><em>Horat.</em></span> <span class='ocrx_word' id='word_1_131' title='bbox 1518 1863 1521 1898; x_wconf 52' lang='grc' dir='ltr'>Β</span> 
     </span>
    </p>
   </div>
   <div class='ocr_carea' id='block_1_9' title="bbox 283 1913 1443 2194">
    <p class='ocr_par' dir='ltr' id='par_1_13' title="bbox 283 1913 1443 2194">
     <span class='ocr_line' id='line_1_30' title="bbox 283 1913 1297 1969; baseline -0.002 -12"><span class='ocrx_word' id='word_1_132' title='bbox 283 1916 428 1965; x_wconf 68' lang='lat' dir='ltr'>Imago</span> <span class='ocrx_word' id='word_1_133' title='bbox 446 1915 661 1969; x_wconf 85' lang='lat' dir='ltr'>Scriptoris</span> <span class='ocrx_word' id='word_1_134' title='bbox 671 1927 793 1969; x_wconf 85' lang='lat' dir='ltr'>opera</span> <span class='ocrx_word' id='word_1_135' title='bbox 805 1914 871 1956; x_wconf 85' lang='lat' dir='ltr'>sua</span> <span class='ocrx_word' id='word_1_136' title='bbox 885 1915 963 1956; x_wconf 86' lang='lat' dir='ltr'>luci</span> <span class='ocrx_word' id='word_1_137' title='bbox 978 1914 1143 1969; x_wconf 81' lang='lat' dir='ltr'>publicae</span> <span class='ocrx_word' id='word_1_138' title='bbox 1153 1913 1297 1956; x_wconf 86' lang='lat' dir='ltr'>dantis.</span> 
     </span>
     <span class='ocr_line' id='line_1_31' title="bbox 295 1969 1384 2064; baseline -0.006 -50"><span class='ocrx_word' id='word_1_139' title='bbox 295 1970 435 2014; x_wconf 89' lang='lat' dir='ltr'><strong>CDV.</strong></span> <span class='ocrx_word' id='word_1_140' title='bbox 465 1971 580 2013; x_wconf 83' lang='lat' dir='ltr'><em>Nuci</em></span> <span class='ocrx_word' id='word_1_141' title='bbox 603 1975 730 2025; x_wconf 81' lang='lat' dir='ltr'><em>pineae</em></span> <span class='ocrx_word' id='word_1_142' title='bbox 748 1969 804 2009; x_wconf 87' lang='lat' dir='ltr'>ad</span> <span class='ocrx_word' id='word_1_143' title='bbox 822 1973 951 2026; x_wconf 85' lang='lat' dir='ltr'>ignem</span> <span class='ocrx_word' id='word_1_144' title='bbox 963 1969 1212 2064; x_wconf 63' lang='grc' dir='ltr'>[εἶαηιίεηιί</span> <span class='ocrx_word' id='word_1_145' title='bbox 1223 2000 1235 2023; x_wconf 85' lang='grc'><em>,</em></span> <span class='ocrx_word' id='word_1_146' title='bbox 1254 1970 1384 2026; x_wconf 83' lang='lat' dir='ltr'><em>Imago</em></span> 
     </span>
     <span class='ocr_line' id='line_1_32' title="bbox 574 2024 1086 2074; baseline -0.002 -8"><span class='ocrx_word' id='word_1_147' title='bbox 574 2026 715 2067; x_wconf 86' lang='lat' dir='ltr'><em>Primi</em></span> <span class='ocrx_word' id='word_1_148' title='bbox 733 2024 873 2065; x_wconf 80' lang='lat' dir='ltr'><em>Saeculi</em></span> <span class='ocrx_word' id='word_1_149' title='bbox 895 2026 1014 2074; x_wconf 78' lang='lat' dir='ltr'><em>inseri</em></span> <span class='ocrx_word' id='word_1_150' title='bbox 1039 2028 1086 2065; x_wconf 81' lang='lat' dir='ltr'>it.</span> 
     </span>
     <span class='ocr_line' id='line_1_33' title="bbox 479 2079 1216 2124; baseline -0.005 0"><span class='ocrx_word' id='word_1_151' title='bbox 479 2080 613 2124; x_wconf 88' lang='lat' dir='ltr'>SOLI</span> <span class='ocrx_word' id='word_1_152' title='bbox 643 2079 708 2124; x_wconf 89' lang='lat' dir='ltr'>SE</span> <span class='ocrx_word' id='word_1_153' title='bbox 735 2079 971 2123; x_wconf 84' lang='lat' dir='ltr'>PAND1T</span> <span class='ocrx_word' id='word_1_154' title='bbox 1000 2079 1216 2123; x_wconf 82' lang='lat' dir='ltr'>AMORI.</span> 
     </span>
     <span class='ocr_line' id='line_1_34' title="bbox 284 2133 1443 2194; baseline -0.003 -16"><span class='ocrx_word' id='word_1_155' title='bbox 284 2133 502 2194; x_wconf 68' lang='lat' dir='ltr'>Emblema</span> <span class='ocrx_word' id='word_1_156' title='bbox 510 2138 743 2193; x_wconf 81' lang='lat' dir='ltr'>Martyrum</span> <span class='ocrx_word' id='word_1_157' title='bbox 756 2135 968 2181; x_wconf 85' lang='lat' dir='ltr'>Societatis</span> <span class='ocrx_word' id='word_1_158' title='bbox 981 2168 993 2192; x_wconf 87' lang='lat'>‚</span> <span class='ocrx_word' id='word_1_159' title='bbox 1019 2137 1060 2180; x_wconf 89' lang='lat' dir='ltr'>in</span> <span class='ocrx_word' id='word_1_160' title='bbox 1075 2137 1165 2194; x_wconf 84' lang='lat' dir='ltr'>igne</span> <span class='ocrx_word' id='word_1_161' title='bbox 1176 2133 1443 2185; x_wconf 82' lang='lat' dir='ltr'>alacritatem,</span> 
     </span>
    </p>
   </div>
   <div class='ocr_carea' id='block_1_10' title="bbox 233 2189 1520 2248">
    <p class='ocr_par' dir='ltr' id='par_1_14' title="bbox 233 2189 1520 2248">
     <span class='ocr_line' id='line_1_35' title="bbox 233 2189 1520 2248; baseline -0.004 -10"><span class='ocrx_word' id='word_1_162' title='bbox 233 2191 494 2248; x_wconf 69' lang='lat' dir='ltr'>repraesentat.</span> <span class='ocrx_word' id='word_1_163' title='bbox 1345 2189 1442 2233; x_wconf 82' lang='lat' dir='ltr'>Ma·</span> <span class='ocrx_word' id='word_1_164' title='bbox 1518 2191 1520 2194; x_wconf 79' lang='grc'><strong>“</strong></span> 
     </span>
    </p>
   </div>
   <div class='ocr_carea' id='block_1_11' title="bbox 1516 1951 1522 2027">
    <p class='ocr_par' dir='ltr' id='par_1_15' title="bbox 1516 1951 1522 2027">
     <span class='ocr_line' id='line_1_36' title="bbox 1516 1951 1522 2027; baseline 0 0"><span class='ocrx_word' id='word_1_165' title='bbox 1516 1951 1522 2027; x_wconf 67' lang='lat'>³4</span> 
     </span>
    </p>
   </div>
   <div class='ocr_carea' id='block_1_12' title="bbox 1508 0 1534 2568">
    <p class='ocr_par' dir='ltr' id='par_1_16' title="bbox 1508 0 1534 2568">
     <span class='ocr_line' id='line_1_37' title="bbox 1508 0 1534 2568; baseline 0 0"><span class='ocrx_word' id='word_1_166' title='bbox 1508 0 1534 2568; x_wconf 95' lang='lat' dir='ltr'> </span> 
     </span>
    </p>
   </div>
  </div>
 </body>
</html>
