1534 2568
303 109 336 158 s
372 105 584 156 YMB
615 70 740 154 dr„
772 103 788 152 1
821 102 947 153 CU
980 96 1033 152 ss
1153 105 1251 166 489

117 190 164 234 In
175 202 370 245 magnum
379 187 428 231 ad
440 199 582 237 pacem
593 185 821 229 cudendam
833 185 1048 240 Legatum.

183 247 205 270 ‘¹‘
234 242 485 289 LXXXIX.
515 242 654 297 Alcyon
675 240 901 305 (nidificans,
921 255 1010 281 cum
1031 253 1136 282 mare

254 296 864 396 VENTURAEr‘ssfflffs‘OEA
894 336 1071 393 PAC1s.

120 413 165 453 In
178 410 221 454 S.
245 409 549 461 Archangelum
561 407 797 449 Gabrielem
815 436 825 457 ,
843 404 1172 450 Annuntiantem
1195 422 1261 463 pa-

67 479 161 508 cem
172 466 279 507 orbis
290 464 507 506 Christum.

331 520 351 539 ⁸¹
381 518 475 560 XC.
502 515 680 569 Alcyones
698 519 742 555 in
764 518 867 554 mari
885 526 995 556 natae.

121 572 471 617 CUNABULA
512 568 698 613 FOVIT
726 569 1030 614 OCEANUS.
1066 570 1208 612 Claud.

127 630 172 670 In
197 631 337 670 urbem
359 628 396 669 ἃ
420 627 733 679 Rempublicam
755 623 958 668 Venetam
980 629 1082 669 mari
1103 628 1266 670 inaedifi-

66 695 214 734 catam,
226 683 263 723 &
276 682 428 725 marina
440 682 694 735 navigatione
705 682 744 721 in
758 694 874 734 eam,
897 682 938 723 in
949 682 1024 734 qua
1036 684 1263 726 modovifi-

64 749 126 781 tur
136 739 447 793 amplitudinem
459 736 771 778 excrescentem.

321 793 342 815 *
368 791 487 834 XCI.
516 791 657 844 Alcyon
680 796 724 831 in
745 790 868 831 medio
887 796 1001 832 mari.

255 847 455 890 MEDIO
482 845 820 889 TUTISSIMA
849 847 1077 890 PONTO.

124 903 170 945 In
184 902 228 945 B.
251 903 492 958 Virginem,
513 915 598 955 quae
622 902 662 942 in
675 903 857 955 maligno
879 904 994 955 hujus
1008 902 1134 945 saeculi
1159 903 1259 946 mari

66 967 149 1000 tuta
162 958 300 1000 mansit
312 961 361 1001 ab
373 958 576 1012 originalis
590 958 741 1008 peccati
751 959 947 1011 periculo.

115 1013 162 1056 In
174 1014 325 1057 bonam
342 1013 650 1057 conscientiam.

419 1142 775 1192 CAPUT
841 1144 903 1193 V.

369 1264 430 1323 A
544 1265 613 1326 N
732 1266 791 1324 A
903 1266 957 1325 S.

116 1406 144 1435 a<
172 1406 307 1450 XCII.
340 1407 448 1448 Anas
457 1411 730 1463 petsecutorem
753 1425 887 1451 canem
908 1414 952 1451 in
965 1415 1080 1468 aquis
1101 1419 1199 1459 mire*

197 1462 387 1515 deludens,
408 1479 496 1504 cum
507 1478 590 1519 qjus
600 1465 734 1505 hiatui
739 1467 836 1520 saepe
852 1472 1036 1522 proxima
1048 1472 1120 1523 sub

282 1521 1006 1621 PERSEggff'gIZIifhgchUSO.

4 1668 11 1687 A
112 1627 156 1668 In
170 1627 332 1670 Multos
351 1630 423 1673 SS.
437 1631 639 1684 Martyres
651 1662 662 1682 ‚
682 1633 749 1684 qui
763 1633 803 1674 in
817 1636 1030 1684 tormentis
1044 1640 1155 1691 pofiti
1168 1652 1253 1693 per-

4 1695 11 1728 zv
59 1681 256 1725 secutores
266 1683 530 1737 Tyrannos&
542 1687 765 1729 Carnifices
778 1688 1006 1732 detuserunt
1020 1722 1030 1741 ,
1054 1693 1253 1748 fingularis

6 1754 12 1797 ς
60 1741 101 1799 in
119 1738 196 1778 hoc
218 1739 292 1781 fuit
315 1740 358 1781 P.
381 1740 583 1796 Ogilbaeus
604 1742 626 1783 ὲ
645 1740 846 1795 Soc.Jesu
866 1746 915 1786 ab
926 1746 1069 1801 Anglis
1091 1750 1247 1804 Marty-

5 1804 8 1833 ι
59 1805 162 1834 num
182 1794 365 1839 afferens„

107 1847 153 1888 In
166 1848 210 1891 S.
221 1850 480 1893 Athanasium
503 1852 764 1895 deludentem
776 1853 866 1895 suos
878 1858 1163 1908 persecutores.

11 1907 13 1963 J
88 1900 116 1929 ’κ
143 1901 301 1946 XCIII.
329 1905 439 1945 Anas
441 1909 682 1962 persequente
684 1910 727 1960 ft
739 1914 1097 1967 1'naquiscane,fi1b
1108 1921 1222 1974 aquis

374 1962 417 2010 se
442 1962 897 2014 abftondendofhrvatur.

351 2014 582 2059 EVADIT
610 2019 934 2063 ABSCONSA.

13 2114 14 2117 Ἴ
107 2068 234 2111 Multi
257 2070 514 2121 persecutoris
548 2073 759 2115 Daemonis
781 2078 946 2119 technas
968 2081 1152 2124 evadunt
1183 2085 1249 2128 ab-

13 2142 16 2182 ζ
55 2122 288 2167 scondendo
301 2124 377 2167 sese
391 2128 491 2171 intra
502 2128 952 2184 Religionumclaustra.
1147 2114 1158 2134 '

643 2184 684 2226 H
707 2185 730 2225 h
765 2198 788 2237 5
1143 2190 1248 2232 Mem
